4642 6992
801 1251 1010 1328 carvT
1033 1254 1091 1328 tv.
1132 1271 1139 1278 ·
1522 1278 1580 1349 ¹⁷9

1589 1351 1671 1438 Imp.
1698 1316 1789 1420 emm

836 1480 863 1526 a
890 1456 931 1526 C,
957 1475 1040 1546 ¹154·
1431 1507 1433 1514 ,
1590 1441 1753 1506 averet

213 1623 218 1630 ·
289 1582 453 1677 Oportere
477 1576 656 1654 nimirum,
681 1589 756 1644 ono
782 1571 887 1646 slatim
911 1569 1000 1658 sole,
1028 1598 1192 1673 quemque
1216 1597 1293 1645 cum
1318 1551 1446 1644 deledlis
1466 1595 1508 1644 ex
1526 1567 1581 1644 lua

287 1678 451 1849 phalange
475 1675 684 1773 cataphractis
708 1677 885 1746 immotum
909 1675 1014 1757 liare,
1040 1670 1199 1774 suumque
1228 1669 1412 1772 exspedlare
1448 1671 1579 1744 manda·

1592 1525 1701 1590 Cana.

289 1799 385 1867 tum3
423 1774 464 1848 ed
489 1803 532 1848 ne
552 1768 711 1850 manifesti
734 1771 866 1858 forent,
890 1779 1075 1873 praecepit,
1101 1773 1300 1854 vtvibllnnir
1315 1793 1346 1847 te
1381 1781 1509 1848 rmentis
1532 1801 1580 1848 ar·

287 1900 452 1954 murram
473 1872 728 1952 circumducunt.
779 1875 852 1966 tlt,
876 1896 978 1975 prout
1001 1880 1197 1975 imperatum
1221 1897 1311 1960 erat,
1337 1801 1467 1949 Ι[ξιιῑιιιιι.

876 2076 909 2174 l·
935 2087 994 2167 tt

388 2239 568 2343 Postquam
591 2243 692 2341 igitur
714 2237 819 2314 illuxit
844 2239 932 2334 ἀίεις
955 2269 1035 2315 cum
1059 2242 1140 2326 illis,
1163 2242 1253 2318 velut
1272 2240 1592 2344 pabttlattunituntt,
1645 2299 1648 2305 Δ
1711 2327 1714 2336 ,

290 2340 421 2419 excedit
446 2369 464 2415 e
490 2343 617 2415 castris:
648 2368 755 2442 eoque
780 2348 921 2416 inermes
946 2344 1068 2444 aliquot
1093 2344 1287 2444 praecedere
1318 2347 1405 2419 iubet
1427 2369 1513 2417 -cum
1545 2344 1581 2416 li·

288 2445 433 2548 gouibus
458 2465 491 2516 et
514 2443 673 2526 dolabris,
699 2444 813 2543 quibus
837 2441 1036 2518 subterranea
1061 2447 1252 2547 inuestigare
1274 2443 1378 2521 solent
1411 2448 1579 2546 granaria,

293 2555 351 2648 qni
378 2564 602 2619 commeatum
629 2563 733 2616 erres
758 2546 941 2617 necellarias
966 2551 1118 2637 exercitui
1143 2543 1336 2645 prouident:
1360 2545 1454 2620 limul
1470 2566 1579 2618 autem

293 2675 332 2721 ac
356 2645 544 2719 intrudentes
568 2644 675 2716 hostes
699 2669 890 2730 cernerent,
914 2643 1028 2747 fugere
1051 2653 1212 2746 imperat,
1240 2644 1366 2731 donec,
1390 2643 1580 2746 subsequen·

294 2751 376 2823 tibus
399 2776 420 2820 a
445 2768 538 2847 tergo
565 2749 735 2819 Romanir'
748 2743 912 2829 adinulfi,
938 2755 974 2820 in
1000 2769 1106 2822 tritum
1128 2755 1357 2848 reciperentur.
1409 2753 1455 2821 Vt
1478 2752 1581 2830 enim,

293 2877 376 2950 qnae
402 2851 618 2950 gerebantur,
642 2852 851 2947 intempore
878 2845 954 2920 duci
980 2849 1079 2922 effent
1104 2856 1257 2951 cognita,
1307 2855 1429 2922 timum
1462 2847 1544 2921 duur
1570 2897 1583 2930 ,

292 2943 500 3050 inde'patuo
524 2942 692 3021 interuallo
722 2969 883 3048 quatuor,
913 2970 988 3022 tum
1009 2946 1097 3034 sex,
1127 2951 1240 3049 pollea
1273 2877 1411 3033 dicem,
1436 2945 1585 3048 'denique

298 3051 481 3152 complures
495 3052 582 3122 iubet
592 3053 731 3147 praeire:
748 3050 908 3150 aliamque
918 3049 958 3121 ad
972 3051 1054 3123 haee
1067 3053 1263 3153 phalangem
1277 3055 1492 3150 pharetratam
1506 3075 1584 3122 cum

295 3149 487 3234 ordinass‘et,
505 3148 635 3222 aliunde
645 3155 680 3221 in
692 3151 797 3223 hoiles
812 3156 857 3226 ire
870 3156 1044 3251 praecipit,
1070 3179 1146 3223 cum
1165 3154 1344 3235 mandatis,
1367 3171 1427 3232 vt,
1454 3148 1586 3248 srptoe·

299 3257 378 3330 lium
402 3259 520 3344 inirent
544 3251 737 3334 Dalmatae,
763 3272 852 3352 terga
878 3273 1061 3336 verterent,
1086 3252 1175 3326 velut
1209 3279 1349 3326 nurnero
1381 3245 1546 3324 inferiores
1572 3275 1584 3320 τ

298 3355 346 3430 sru
371 3381 451 3428 vero
476 3377 578 3426 nemo
604 3373 808 3447 occurreret,
866 3359 942 3426 nieti
975 3373 1049 3424 ante
1081 3354 1203 3428 valltun
1238 3351 1454 3428 confiderent.
1501 3353 1586 3424 Non

297 3457 360 3530 alio
386 3460 468 3528 baec
491 3460 599 3552 itaque
622 3453 754 3527 institnit
775 3380 938 3538 cortino,
966 3481 1066 3554 quam
1090 3474 1149 3537 vt,
1173 3453 1221 3536 fi,
1247 3449 1316 3555 ipso
1348 3479 1426 3526 cum
1455 3453 1584 3523 caeteris

296 3561 399 3656 copiis
426 3562 620 3655 ingruente,
643 3552 759 3654 fugere
783 3561 962 3656 inciperent
987 3555 1180 3642 Dalmatae,
1212 3560 1251 3630 ab
1275 3553 1524 3656 expeditioribus
1549 3554 1586 3625 iis

299 3653 528 3758 comprehensi
547 3651 769 3748 caederentur.

403 3755 503 3854 Haud
526 3762 622 3856 igitur
643 3756 746 3857 longe
774 3754 1014 3857 processerant,
1039 3785 1117 3834 cum
1143 3763 1288 3835 Romani
1314 3753 1446 3860 quidam
1475 3751 1585 3856 specu·

302 3858 440 3942 latoree,
465 3855 584 3932 reuerli
608 3857 650 3929 ad
675 3863 905 3957 imperatorem
932 3859 1098 3934 vacillante
1121 3860 1256 3962 lingna,
1281 3879 1438 3959 metuque
1455 3853 1585 3956 pallidi,

298 3966 516 4043 nunciamnt,
542 3964 751 4032 innumerum
776 3967 810 4031 in
835 3955 965 4033 aduersa
987 3966 1058 4059 ripa
1083 3961 1225 4036 fluminis
1250 3961 1401 4034 inllrudla
1427 3958 1587 4030 ariellare

298 4068 502 4147 exercitum
528 4086 635 4157 neque
659 4060 751 4134 illum
777 4082 901 4135 tantun
923 4089 968 4134 ex
993 4061 1175 4164 indigenis,
1199 4058 1255 4136 sed
1281 4057 1477 4134 immensum
1489 4063 1587 4132 etiam
1622 4131 1624 4136 ,

159 4214 160 4239 2
302 4163 402 4235 alium
427 4191 469 4235 ex
492 4161 693 4234 auxiliaribus
719 4156 1047 4261 copiisconflatum,
1072 4161 1255 4256 praesertim
1279 4165 1475 4261 Hungaricis
1501 4163 1589 4257 equi·

240 4350 248 4356 ¹
300 4266 408 4345 tibur,
434 4266 546 4360 etqui
571 4260 659 4359 apud
685 4261 754 4336 illos
779 4260 919 4338 diuersae
943 4261 1016 4336 sunt
1038 4263 1201 4365 religionis
1228 4261 1591 4359 chalma-Hosigi-
1687 4270 1691 4276 ‘

301 4385 378 4450 tur,
403 4385 438 4441 ut
465 4383 498 4436 et
521 4368 725 4464 Patzinacat,
752 4365 908 4439 Dahnatir
932 4361 1102 4440 aditmdlos
1128 4363 1191 4441 effe
1214 4361 1404 4440 referebant.

884 4535 998 4634 lat

405 4659 453 4729 Ea
477 4676 515 4731 vt
533 4655 658 4730 audiuit
679 4660 881 4755 imperator,
904 4663 1039 4742 veritm,
1065 4684 1108 4734 ne
1131 4663 1248 4761 pauci,
1273 4659 1328 4760 qui
1352 4651 1594 4757 praecellerent,

304 4759 449 4830 Romani
477 4785 495 4829 a
520 4757 662 4852 pluribus
674 4758 901 4842 circumclusi,
927 4757 1226 4864 perfungerentur,
1253 4756 1422 4834 confellim
1440 4765 1593 4862 perrexit,

303 4884 488 4958 vrgensque
513 4853 725 4958 srgniferum,
751 4881 787 4935 vt
809 4855 1073 4960 subsequeretur,
1099 4891 1178 4936 cnm
1201 4857 1325 4942 defesso
1356 4857 1473 4939 scilicet
1504 4883 1591 4961 equo

304 4957 419 5031 lentius
445 4957 630 5042 incederet,
656 4957 722 5057 ipse
746 4982 877 5062 arrepto
902 4961 997 5063 ligno
1021 4970 1172 5066 princeps
1196 4967 1368 5036 mantrauit
1381 4962 1526 5047 cursum,
1553 4985 1592 5031 ae

304 5058 383 5133 loco
409 5057 546 5134 editiore
570 5059 766 5148 consistens,
788 5085 823 5138 et
843 5058 906 5150 se,
928 5064 1035 5166 ,qualis
1067 5063 1172 5155 effer,
1203 5085 1235 5142 et
1259 5061 1417 5148 vexillum
1434 5062 1591 5141 nonina

301 5157 572 5262 conspiciendum
594 5163 749 5264 praebuit.
1145 5189 1148 5193 ·
1683 5225 1685 5230 .

929 5267 959 5347 Z
983 5293 1004 5342 2
1530 5265 1597 5339 De·
1746 5311 1751 5319 ·
