4642 6992
689 1228 770 1307 ’308
1139 1210 1559 1293 stuvlcokvM

486 1324 697 1409 [mpprortu.
1178 1332 1191 1336 ··

487 1426 534 1473 ua
558 1412 628 1475 Pei.
698 1418 712 1431 '
1186 1442 1213 1489 a
1240 1419 1280 1490 C.
1296 1430 1510 1529 ,1348-1357.

487 1512 628 1651 ῗαῗαῖῧ
696 1542 787 1641 equis
810 1534 852 1611 ad
877 1532 951 1609 suoa
975 1531 1101 1610 dimissa
1155 1540 1305 1637 Qatuor
1329 1534 1474 1634 praefidii
1502 1531 1601 1607 ducor
1634 1552 1668 1610 et
1684 1560 1733 1611 ert
1765 1536 1885 1611 oiurbite
1909 1540 1988 1613 cie

694 1644 732 1715 lis
755 1638 897 1737 fautores
922 1638 1067 1735 expulit:
1092 1662 1155 1734 pro
1182 1664 1254 1708 arce
1270 1634 1474 1710 defendenda
1501 1633 1683 1722 ducentnt,
1709 1644 1826 1737 partim
1851 1644 1984 1739 grauis,

645 1809 647 1816 ,
696 1746 816 1843 partim
838 1740 918 1813 leuis
942 1758 1142 1819 amraturae,
1168 1738 1316 1837 reliquit:
1342 1740 1425 1812 vrbis
1450 1734 1650 1837 pmefodlum
1677 1744 1860 1840 Georgium
1891 1745 1987 1833 Lyzi·

695 1870 796 1926 cum,
821 1846 928 1915 uimm
954 1838 1040 1911 bello
1061 1834 1274 1913 sortiffimrun
1300 1866 1338 1911 ac
1360 1838 1577 1939 prudentem,
1603 1835 1809 1939 defignauit,
1832 1847 1985 1939 atqueita

605 1932 613 1945 ’
650 2011 654 2017 .
693 1947 893 2019 Rerrboeam
915 1944 1049 2037 repetiit.
1105 1944 1193 2012 Citra
1219 1959 1358 2013 martem
1384 1967 1516 2039 quoque
1541 1939 1737 2015 accederunt
1750 1948 1874 2015 circum
1891 1939 1989 2017 Edes

695 2040 764 2118 sam
789 2063 823 2117 et
846 2044 1044 2115 Berrhoeam
1070 2040 1193 2113 castella
1219 2062 1251 2113 et
1284 2040 1462 2141 oppidula,
1494 2066 1618 2139 nempe
1650 2045 1755 2125 haec,
1784 2040 1946 2117 Staridola
1964 2094 1986 2129 ,

696 2150 814 2226 Petra,
841 2137 977 2223 Soscus,
1003 2147 1135 2223 Deura,
1161 2144 1319 2228 Strobus,
1342 2146 1463 2220 Notia:
1489 2163 1587 2217 etex
1610 2141 1773 2245 oppidulir
1797 2139 1985 2222 Thessaliae

696 2242 948 2341 Lycoslominrn
973 2258 1005 2315 et
1030 2240 1203 2319 Casinum.

867 2402 870 2406 «
1280 2350 1311 2448 d.
1338 2360 1406 2431 228.

653 2543 664 2566 .
798 2488 970 2589 Aliquanta
994 2493 1106 2589 requie
1130 2491 1283 2565 exercitui
1317 2484 1488 2572 concess'a,
1520 2490 1698 2585 imperator
1728 2481 1855 2561 narsum
1890 2510 1991 2587 expe·

693 2580 853 2664 ditionem
878 2610 992 2663 contra
1017 2594 1191 2663 seruiosr)
1213 2584 1353 2688 suscepit.
1406 2588 1490 2661 Vrbs
1515 2590 1597 2661 baec
1624 2614 1694 2661 non
1707 2614 1830 2687 parua,
1854 2586 1897 2661 ad
1909 2614 1992 2661 cou-

569 2738 572 2745 ·
680 2685 772 2786 ‘fine
793 2693 955 2765 Bottiaeae
979 2714 1012 2763 et
1036 2686 1220 2763 Thessaliae
1244 2696 1345 2764 iacet:
1371 2695 1423 2762 cui
1450 2710 1482 2763 et
1507 2688 1648 2789 reliquae
1673 2686 1855 2762 Thessaliae
1880 2692 1987 2764 Pter-

695 2788 813 2881 simput
837 2818 856 2864 e
881 2791 1069 2891 proceribus
1083 2792 1183 2866 Cralis
1209 2810 1377 2890 praeerat,
1424 2794 1456 2862 ui
1476 2788 1663 2890 prudentia,
1689 2786 1901 2874 fortitudine,
1929 2815 1992 2863 ex·

696 2892 883 2965 ercitatione
908 2892 1019 2965 bellica
1043 2886 1136 2991 supra
1163 2910 1304 2966 caeteros
1330 2816 1487 2965 excelsae
1512 2888 1685 2965 videbatur.
1739 2888 1915 2965 Aedificant
1941 2888 1992 2964 el!

696 2984 939 3086 supermontis
963 2990 1069 3089 ardua
1088 2996 1331 3091 prominentia,
1362 2992 1532 3092 statimque
1559 3018 1578 3065 a
1602 2996 1762 3091 principio
1797 2987 1897 3067 semet
1920 2986 1991 3091 ipse

697 3088 816 3175 altior,
841 3091 924 3166 licut
948 3092 1016 3177 eil,
1050 3091 1217 3167 accedenti
1242 3113 1382 3193 apparet.
1434 3096 1473 3165 ln
1506 3086 1576 3192 ipso
1610 3112 1717 3165 autem
1751 3096 1832 3193 iugo
1865 3097 1990 3165 montis

697 3188 837 3279 desinit,
860 3191 976 3295 triplici
1001 3220 1100 3267 muro
1125 3190 1271 3283 distinet-a
1298 3214 1330 3268 et
1353 3188 1545 3293 intersepta,
1572 3212 1607 3267 vt
1631 3188 1710 3266 soris
1724 3194 1903 3277 exillimes,
1928 3198 1991 3267 tria

698 3289 763 3365 else
788 3292 933 3395 oppida,
956 3290 1042 3369 aliud
1067 3294 1141 3395 poll
1166 3294 1260 3368 aliud.
1312 3300 1485 3393 Vtrimque
1510 3292 1642 3381 vallibus
1665 3291 1837 3393 prosnudrr
1852 3298 1991 3369 timum·

666 3488 668 3492 y
696 3389 799 3470 datur.
851 3394 952 3499 Qod
977 3416 1065 3495 patet
1089 3398 1128 3469 ab
1153 3398 1231 3471 vrbe
1255 3390 1345 3495 spatii
1369 3422 1470 3497 usque
1495 3391 1537 3465 ad
1561 3394 1729 3493 planitiem
1754 3414 1787 3468 et
1811 3391 1853 3467 ad
1879 3394 1988 3479 valler,

696 3516 761 3596 qua
785 3497 918 3570 habitari
942 3497 1073 3599 potest,
1096 3494 1227 3570 aedibus
1255 3515 1287 3570 ot
1311 3496 1447 3579 incolis,
1472 3522 1543 3581 non
1568 3495 1687 3593 plebeis
1714 3492 1847 3579 modo,
1877 3490 1933 3568 sed
1957 3514 1994 3570 et

545 3650 556 3666 “
696 3592 1315 3773 ilalmiibbildiiisoistiuibffi
1339 3592 1992 3771 V‘lnlflssblll⁰llll¹¹¹all

654 3804 657 3808 ’
694 3800 901 3895 gnationrbua
925 3798 1043 3871 habere
1068 3794 1206 3871 videtur.
1254 3803 1330 3871 Eius
1364 3722 1447 3871 duae
1478 3818 1581 3898 partes
1613 3794 1832 3871 inferiores-a
1866 3799 1990 3886 ciuium

695 3897 908 3973 incoluntur:
933 3902 1048 3981 tertia,
1076 3925 1160 3999 quae
1183 3896 1298 3972 eadem
1325 3924 1382 3973 arx
1409 3898 1477 3983 est,
1504 3892 1670 3997 praesedlo
1695 3900 1893 3999 relinquitur.
1930 3896 1996 3972 Est

696 4020 807 4071 autem
834 3996 1051 4100 undequaque
1075 3994 1198 4073 accessu
1225 4020 1483 4100 oppugnataque
1506 3996 1650 4073 difficilis.
1702 4000 1769 4072 Illic
1791 4000 1993 4099 Prealimput

697 4092 835 4185 sedens,
859 4097 948 4174 sollis
973 4127 1011 4172 ac
1038 4100 1272 4186 munitionibus
1284 4127 1385 4174 none
1409 4103 1502 4185 ebat,
1528 4125 1604 4172 cum
1629 4102 1706 4173 huic
1726 4104 1772 4173 rei
1786 4120 1897 4174 natura
1912 4126 1996 4199 pro·

701 4196 834 4275 uidisset.
885 4206 978 4275 Etis
1002 4202 1125 4275 ciuibus
1148 4226 1351 4303 magnopere
1377 4129 1550 4284 diffidens,
1577 4226 1693 4275 comm
1706 4202 1847 4287 bberoa,
1871 4226 1994 4276 vxoree

703 4320 737 4376 et
758 4328 832 4375 rem
857 4297 1048 4375 familiarem
1074 4308 1109 4375 in
1133 4300 1335 4386 secuudum,
1369 4298 1421 4375 seu
1447 4298 1617 4385 medium,
1647 4298 1773 4401 septum
1797 4298 1994 4387 seuocabat,

701 4405 790 4475 viror
815 4427 932 4476 omnes
964 4408 999 4475 in
1030 4398 1202 4486 ultimam,
1236 4404 1286 4477 seu
1312 4402 1485 4497 infimam,
1519 4404 1633 4475 vrbem
1668 4402 1865 4503 expellebat:
1898 4429 1995 4475 man·

702 4497 804 4585 dans,
830 4522 866 4577 vt
890 4508 1145 4603 imperatorem,
1177 4502 1203 4577 si
1228 4502 1416 4588 inuaderet,
1451 4499 1525 4577 ase
1549 4504 1719 4605 liberisque
1741 4501 1801 4577 suis
1826 4499 1996 4605 propulsa·

699 4620 795 4679 tent:
817 4598 884 4701 ipse
908 4602 1036 4679 mediae
1061 4604 1105 4679 illi
1129 4604 1223 4688 vrbi,
1248 4610 1283 4677 in
1308 4631 1372 4705 qna
1398 4610 1553 4707 coniuges
1580 4622 1663 4677 'eum
1697 4605 1841 4704 prolibus
1876 4624 1994 4690 erant,

697 4698 895 4805 praelidium
925 4732 945 4780 e
975 4704 1127 4784 Triballis
1157 4707 1380 4809 imponebat,
1410 4731 1495 4808 quoa
1524 4701 1618 4809 supra
1647 4711 1842 4809 quingentos
1869 4706 1996 4881 baffi

737 4962 796 5027 189·
827 4964 1086 5019 CANTACVZRN·
1123 4951 1168 5018 T·
1197 4954 1247 5021 111·
1273 4956 1316 5041 Ῥ·
1367 4970 1500 5047 λιτῶν,
1527 4984 1584 5054 aeq
1610 4960 1648 5035 ἔκ
1674 4986 1746 5037 των
1769 4984 1996 5061 epafram,

694 5054 783 5219 ms)
807 5147 910 5198 zm
935 5118 1098 5224 zeessm
1148 5201 1154 5206 ι
1361 5052 1510 5255 ἑγέἒτζ
1532 5060 1700 5162 imorem
1724 5072 1843 5185 πυλὶς)
1867 5088 1912 5141 re
1928 5084 1997 5158 neq

556 5356 564 5365 ·
661 5226 672 5232 ”
743 5233 915 5342 gbl-ror
940 5236 1067 5346 algeron
1093 5243 1132 5321 ἐκ
1156 5268 1228 5321 terr
1253 5262 1315 5324 tte·
