4642 6992
1333 1144 1348 1179 Χ

858 1186 1064 1271 CAPVT
1088 1192 1171 1273 Xffl·
1260 1208 1264 1215 '
1413 1172 1417 1179 Ι
1514 1158 1516 1161 ¹
1585 1235 1645 1303 13¹¹
1848 1256 1855 1270 ·

973 1350 980 1361 .
1649 1312 1858 1399 Imppnonu'·

841 1412 869 1461 a
894 1393 934 1465 C·
959 1406 1166 1488 1348-1357·
1652 1413 1698 1459 m
1719 1402 1800 1469 Μ’

354 1492 522 1571 dnoenrin
536 1501 704 1586 minimis,
729 1502 921 1582 conflictum
939 1513 1074 1590 uolebat
1098 1512 1267 1593 declinare.
1319 1518 1417 1597 Vnde
1442 1529 1539 1601 etiam
1564 1556 1642 1603 cum
1653 1500 1793 1639 affin

353 1600 494 1697 scopiac
517 1606 625 1685 eines,
647 1602 818 1777 d‘qgatione
849 1608 962 1697 missa,
994 1620 1227 1714 imperatorem
1256 1616 1374 1711 insessis
1407 1622 1504 1727 siguis
1535 1622 1577 1705 ad
1610 1627 1644 1707 se

351 1698 513 1786 tendere,
547 1708 645 1775 nunni
689 1727 766 1792 ent,
800 1712 1018 1815 auxiliumque
1054 1716 1296 1819 poposcissent,
1331 1732 1477 1825 primum
1506 1726 1641 1834 quidem

349 1797 443 1902 spem
466 1799 648 1887 faciebant,
673 1804 699 1883 fi
724 1812 869 1884 Romani
893 1810 979 1913 ipsos
1004 1804 1228 1897 adorirentru·.·
1267 1830 1314 1898 Vt
1340 1820 1449 1903 autem
1478 1828 1567 1909 fama
1598 1834 1641 1912 de

348 1901 593 1979 aduentanribns
620 1910 778 1983 Romanis
802 1912 1001 2015 barbarisque
1026 1922 1206 2009 increbuit,
1240 1922 1465 2031 terrorem‘que
1497 1932 1638 2035 duplica-

348 2010 421 2091 uit,
454 2003 624 2081 manifeste
647 2034 749 2106 opem
773 2013 998 2111 Scopienfibus
1023 2022 1363 2119 negauittfflurtaus,
1394 2052 1429 2105 vt
1451 2028 1636 2135 semetipsos

346 2131 414 2204 pro
438 2110 556 2181 viribus
573 2104 804 2202 'defensarent3
835 2110 867 2186 se
893 2121 930 2188 in
978 2115 1128 2195 raesentia
1152 2122 1194 2197 ad
1220 2154 1276 2200 eos
1301 2136 1410 2204 venire
1442 2160 1512 2207 uon
1536 2137 1637 2237 posse,

345 2208 397 2279 Issi
422 2214 594 2281 communi
612 2208 754 2284 -consdio
781 2241 920 2317 magnae
945 2146 1126 2297 dementiae
1150 2226 1357 2303 tribuendum
1384 2234 1576 2322 statuentes,
1600 2240 1636 2327 is·

345 2307 386 2381 lis
409 2307 572 2393 resistere,
597 2314 786 2409 quibuscum
812 2344 929 2391 eorum
955 2326 1102 2421 princeps
1127 2352 1205 2401 cum
1232 2349 1323 2403 tanto
1350 2340 1491 2409 exercitu
1518 2339 1636 2415 bellare

342 2434 423 2482 non
446 2409 599 2493 auderet,
626 2416 857 2512 imperatorem
882 2418 1023 2506 adeunt,
1047 2426 1214 2525 urbisque,
1238 2450 1411 2532 antequam
1438 2434 1566 2513 duriora
1581 2468 1636 2515 ex·

339 2516 534 2611 periantur,
560 2509 762 2589 deditionem
786 2516 917 2594 faciunt.
966 2524 1208 2615 Postmodum,
1229 2527 1342 2627 sedato
1370 2540 1512 2633 timore,
1540 2546 1574 2612 in
1590 2549 1634 2616 in·
1750 2610 1756 2623 ,

342 2609 470 2684 dicium
495 2640 515 2684 a
541 2612 637 2686 crare
661 2623 767 2691 vocati
791 2640 823 2694 et
850 2618 1041 2697 desertionis
1065 2626 1220 2713 accusati,
1253 2628 1347 2707 facile
1371 2642 1495 2711 crimen
1519 2638 1636 2716 resuta·

322 2734 446 2797 ,mnu
481 2710 722 2815 archiepiscopo
747 2747 866 2796 eorum
899 2722 1139 2822 cognoscente,
1173 2738 1250 2830 qui,
1284 2761 1341 2807 eos
1374 2740 1454 2811 nihil
1486 2738 1634 2817 aduersus

339 2819 554 2913 aequitatem
571 2815 763 2915 petronille,
792 2830 1045 2921 pronunciauit,
1078 2826 1128 2913 fi,
1160 2832 1255 2906 Crale
1288 2836 1420 2913 nolente
1451 2836 1638 2919 succurrere

339 2935 379 2987 et
400 2919 574 3000 hortante,
601 2936 636 2989 vt
660 2915 692 2991 se
716 2917 801 3019 ipsos
825 2945 1013 3013 tuerentur,
1044 2930 1089 3001 issi
1115 2930 1291 3030 prudenter·
1317 2935 1374 3009 srbi
1400 2968 1438 3012 ac
1462 2937 1634 3022 salutariter

338 3014 568 3101 consulentes,
594 3023 831 3117 potentioribus
856 3054 969 3124 parere
994 3031 1225 3107 constituerint.
1277 3034 1371 3111 Adeo
1405 3069 1484 3114 tunc
1513 3055 1634 3121 omnes

337 3120 437 3192 nrbes
459 3113 645 3218 perculsae,
672 3122 779 3209 ultro,
800 3131 988 3229 priusquam
1014 3128 1245 3235 diriperentur,
1269 3141 1470 3239 imperatoris
1491 3142 1554 3219 esse
1578 3174 1636 3223 cu·

338 3222 483 3320 piebant.

354 3376 358 3381 Α
928 3332 961 3429 p
986 3356 1050 3425 23¹·

354 3468 359 3473 ’
454 3470 527 3543 Nec
551 3468 643 3544 vrbes
674 3462 805 3553 solum,
837 3462 892 3541 sed
922 3480 1019 3548 etiam
1056 3469 1280 3547 Triballorum
1314 3474 1547 3573 potentissimi,
1572 3481 1629 3581 qui
1717 3510 1718 3513 ¹

338 3584 436 3639 antea
459 3574 647 3669 imperatori
670 3564 800 3642 fuissent
823 3575 941 3657 amici,
968 3593 1001 3647 et
1023 3578 1052 3644 ei
1081 3570 1200 3647 subesse
1212 3572 1413 3661 maluissent,
1439 3576 1626 3653 tuncetiarn
1670 3614 1672 3619 ·

336 3668 444 3768 magis
468 3673 639 3746 volebant:
664 3666 718 3744 sed
744 3673 788 3744 ob
813 3693 940 3746 metum
966 3670 1087 3747 secreto
1114 3701 1192 3749 curn
1218 3702 1259 3749 eo
1287 3679 1447 3777 agebant,
1470 3700 1502 3753 et
1526 3677 1568 3751 ad
1592 3676 1628 3774 se

333 3766 432 3841 illum
457 3772 666 3854 alsesiabaut,
691 3799 826 3855 omnes,
856 3796 1015 3873 quantum
1041 3773 1193 3875 possent,
1221 3802 1321 3877 opem
1344 3784 1373 3851 ei
1398 3774 1528 3854 allaturi.
1562 3786 1629 3855 Ve·
1678 3858 1682 3867 ,
1765 3861 1769 3871 ,

334 3889 457 3943 nerunt
481 3896 514 3946 et
539 3872 606 3946 duo
633 3901 672 3947 ex
701 3874 774 3973 ipsu·
798 3872 1004 3977 transfugae,
1029 3902 1171 3977 quorum
1197 3877 1275 3951 alter
1289 3878 1505 3955 islnssriffimus
1519 3886 1628 3955 eCra-

334 3968 375 4045 lis
399 3968 542 4059 familia,
568 3976 771 4068 Cbluparnur
793 3978 822 4041 “J
849 3983 1010 4073 nominet,
1038 4000 1176 4051 manum
1200 3974 1256 4051 sub
1283 3976 1399 4053 senon
1413 4004 1627 4057 contemnen-

336 4068 417 4146 dam
442 4076 601 4158 habebat,
627 4096 659 4149 et
684 4072 798 4149 diuitiis
823 4077 985 4175 pollebat:
1017 4077 1096 4151 aster
1125 4104 1198 4150 non
1228 4079 1322 4155 vaide
1351 4082 1489 4169 clarus,
1516 4104 1626 4162 tamen

337 4193 371 4244 et
396 4173 448 4246 isse
483 4180 611 4249 urbium
645 4174 859 4275 praesedimus
890 4174 1045 4278 gesserat,
1079 4184 1302 4281 exercitusque
1335 4178 1507 4267 dusbrrat,
1540 4188 1626 4257 Toli-

319 4272 518 4367 stulabusb)
544 4277 726 4377 appellatus.
777 4284 885 4377 Atque
910 4283 946 4351 hi
971 4298 1173 4353 caeterorum
1199 4278 1406 4375 dynastarum
1432 4280 1622 4361 sententiam

336 4371 569 4479 decretumque
594 4372 788 4462 afferebant,
812 4378 840 4452 sr
865 4380 998 4457 Cralem
1020 4378 1214 4462 inuaderet,
1236 4390 1334 4457 armis
1355 4380 1517 4487 suppetias
1546 4386 1626 4460 latu·

332 4494 425 4551 tos·
1618 4544 1620 4549 ,

437 4582 656 4677 Imperatori,
680 4606 772 4679 parer
795 4576 836 4653 ad
863 4576 1109 4683 confligendum
1122 4586 1232 4681 copias
1246 4568 1316 4658 non
1329 4584 1480 4670 habenti,
1505 4581 1622 4673 visum,
1655 4580 1658 4601 '

331 4700 408 4749 non.
427 4704 452 4751 o
475 4701 583 4753 ortere
605 4676 726 4763 fretum
753 4678 986 4759 detentoribus
1012 4678 1247 4758 tantummodo
1270 4686 1452 4785 pericrdum
1482 4684 1622 4781 subiret
1720 4746 1729 4787 Ι.
1797 4718 1800 4725 ⁴

333 4773 388 4852 sed
411 4706 605 4854 indractum
629 4808 692 4881 pro
716 4792 957 4881 opportrmitate
981 4792 1016 4857 in
1040 4782 1169 4857 bostem
1196 4789 1250 4856 ire.
1299 4793 1349 4863 Ac
1376 4808 1455 4877 tunc
1488 4788 1622 4890 quidem
1723 4786 1728 4793 ¹

332 4876 536 4977 praefesium
561 4888 742 4956 Berrhoe're
768 4886 1017 4985 Diplobatatzen
1039 4884 1347 4983 protouestiasl'ssme
1372 4886 1413 4959 ad
1437 4888 1624 4965 rermndif·

332 4980 488 5058 ficusrares
512 5004 548 5057 et
572 4983 800 5063 conuersionee
821 4984 977 5068 scientem
1000 4983 1254 5065 accommodare
1276 4988 1429 5078 wsssllissr
1454 5012 1487 5068 et
1510 4990 1622 5093 adpu-

375 5181 425 5283 ρ)
448 5194 672 5271 mmm
1051 5191 1098 5291 b)
1122 5186 1400 5286 Τολιθλοιιίὸοε.Γ
1519 5121 1623 5199 guam
