4642 6992
818 1178 1154 1255 curvrxxa.
1223 1196 1230 1213 ·
1573 1196 1647 1286 ⁸69

1447 1336 1450 1342 ,
1653 1287 1860 1370 Improau-

877 1406 904 1451 a
932 1384 971 1453 C.
1003 1401 1096 1468 1344.
1214 1414 1223 1427 =
1654 1390 1726 1451 ua,
1749 1377 1827 1441 Pata
1892 1392 1896 1397 ’

302 1524 362 1596 tto
387 1527 511 1621 impetu
539 1516 645 1591 hoiiisi
675 1540 735 1595 tres
761 1521 928 1605 incendit,
951 1550 1056 1595 nemo
1082 1521 1371 1598 tameuPersarnm
1387 1532 1513 1603 interiit.
1540 1529 1641 1606 Tum
1656 1530 1670 1546 ’

300 1627 451 1724 reliquis,
479 1625 535 1719 qui
560 1620 647 1717 apud
674 1629 905 1721 imperatorem
932 1644 1047 1713 erant,
1074 1625 1173 1697 Persis
1198 1623 1307 1699 nescio
1333 1635 1402 1727 quis
1434 1639 1635 1719 nunciabit,

298 1723 527 1801 Momirziium
554 1748 651 1794 narres
677 1724 717 1795 ad
745 1754 843 1798 unam
871 1723 1014 1797 exussisse
1040 1744 1072 1796 et
1106 1725 1251 1797 custodes
1284 1726 1325 1799 ad
1364 1735 1467 1803 varam
1502 1737 1635 1808 obtrun-

298 1826 402 1901 casse,
429 1830 598 1895 nemiuem
626 1820 770 1925 effugere
794 1822 940 1925 potuisse.
993 1830 1057 1927 Qi
1072 1834 1220 1921 protinus
1234 1854 1323 1901 arma
1344 1838 1525 1930 capientes,
1551 1864 1630 1911 eum

296 1928 415 2001 adoriri
439 1924 641 2025 gestiebant,
666 1951 697 1997 et
723 1932 910 2024 imperatori
939 1933 1215 2009 contrairenienti,
1244 1928 1449 2032 dicentique,
1474 1936 1549 2035 post
1581 1966 1631 2010 re·

297 2028 407 2103 ditum·
430 2030 468 2099 ab
494 2026 652 2097 Heraclea
677 2032 713 2097 in
738 2055 839 2111 eam„
867 2054 928 2127 qua
963 2055 1020 2125 par
1046 2022 1122 2101 esset
1154 2056 1230 2100 cura
1267 2052 1299 2103 et
1324 2034 1431 2109 studio
1450 2045 1630 2138 „pugnari

296 2128 411 2236 posse,
438 2150 470 2201 et
495 2124 737 2225 expeditionem
764 2126 1012 2203 Heracleensem
1039 2129 1146 2203 multis
1173 2127 1215 2202 dc
1248 2131 1348 2204 caufis
1378 2142 1481 2235 magis
1525 2138 1628 2212 videri

294 2229 499 2305 necessariam
526 2228 728 2312 ostendenti,
755 2232 799 2304 iili
825 2251 937 2303 contra
957 2227 1219 2328 respondebant,
1244 2234 1403 2305 nihiltam
1417 2235 1627 2315 necessarium

295 2336 484 2433 separare,
509 2356 605 2427 quam
632 2327 766 2403 suorum
792 2334 912 2407 ciuium
946 2358 1062 2403 necem
1095 2328 1211 2405 ulcisci.
1265 2330 1458 2433 Perspicierrs
1490 2344 1628 2437 impera,

295 2458 368 2518 tor,
395 2454 453 2507 eoa
480 2432 622 2503 cohiberi
650 2458 720 2505 non
746 2429 858 2527 posse,
882 2458 943 2505 vna
971 2434 1159 2529 manipulos'
1182 2437 1364 2521 Romanos⁴
1380 2444 1502 2522 mittit,
1527 2438 1624 2515 simul

295 2560 335 2610 vt
359 2532 581 2637 regiunculam
609 2532 809 2616 Momitzili,
836 2534 922 2609 velut
948 2538 1048 2633 aperti
1082 2530 1279 2627 desertoris,
1319 2534 1626 2637 depraedarentur,

292 2636 388 2711 innui
416 2642 490 2737 quia
516 2634 651 2705 barbaris
676 2638 860 2719 metuebat,
885 2661 927 2705 ne
954 2638 992 2707 ab
1018 2632 1096 2717 illo,
1124 2635 1243 2708 iustum
1269 2642 1334 2709 iam
1366 2642 1504 2714 habente
1534 2670 1626 2715 exer·

293 2746 417 2823 eitum,
444 2736 575 2811 ducibus
602 2734 681 2809 iilius
709 2744 816 2811 aetatis
841 2734 972 2814 audacia
998 2756 1029 2808 et
1054 2740 1152 2809 animi
1179 2734 1365 2813 celsitudine
1392 2742 1474 2815 niiril
1509 2769 1633 2818 conce*

292 2838 418 2926 deme,
444 2838 639 2914 deserentur.

394 3006 601 3080 Momitziine
624 3002 661 3078 id
671 3056 682 3085 ,
709 3002 804 3106 qnod
826 3010 953 3088 euenit,
978 3000 1164 3104 suspicione
1180 3012 1403 3106 praecipiens,
1429 3034 1502 3082 eam
1528 3014 1629 3084 nimi·-

291 3134 367 3179 rum
395 3112 543 3179 iniuriam
570 3112 802 3207 imperatorem
828 3108 962 3178 imrltam
986 3132 1057 3179 non
1082 3104 1269 3206 passurum,
1294 3108 1348 3183 sed
1374 3138 1513 3184 manum
1544 3140 1623 3187 con·

288 3228 337 3281 tra
363 3204 395 3280 se
419 3206 612 3291 missurum,
638 3204 758 3307 sparsos
783 3234 842 3306 per
866 3215 1037 3309 regionem
1064 3204 1200 3307 agrestes
1226 3215 1260 3281 in
1285 3210 1407 3313 oppida
1433 3233 1466 3286 et
1499 3214 1623 3288 castella

289 3317 479 3392 contraxit,
512 3306 639 3410 seseque
664 3308 704 3381 ad
729 3308 956 3408 proeliandum
983 3308 1139 3383 instruxit.
1193 3314 1319 3385 Verum
1344 3314 1405 3387 vbi.
1422 3312 1624 3390 animaduer-

287 3416 354 3491 tir,
376 3438 419 3483 ex
442 3410 542 3485 Persis
567 3434 599 3485 et
622 3414 781 3484 Romanis
796 3412 996 3484 constantem
1011 3416 1192 3485 exercitum
1205 3414 1395 3488 validiorem
1410 3412 1495 3498 effe,
1522 3444 1625 3516 quam

288 3532 326 3586 vt
351 3518 380 3584 ei
405 3510 439 3585 se
460 3512 589 3586 deberet
613 3530 692 3584 c'um
715 3512 860 3609 periculo
887 3515 1048 3590 obiicere,
1075 3518 1109 3583 in
1135 3509 1310 3611 praesentia
1336 3522 1459 3615 coeptis
1483 3513 1623 3617 superse·

289 3612 456 3694 dendum,
483 3640 665 3711 eorumque
693 3608 866 3711 direptioni
894 3610 1158 3714 indulgendum,
1184 3616 1406 3690 recedentibus
1432 3638 1540 3691 autem
1572 3626 1621 3693 in·

285 3712 518 3807 haerendum2
540 3736 571 3789 et
603 3712 628 3787 fi
661 3740 728 3813 quo
762 3714 858 3813 poss'rt
890 3714 1011 3805 damno
1047 3711 1239 3791 ruodlandus
1274 3715 1377 3791 duxit.
1430 3723 1518 3792 Cum
1556 3716 1618 3793 suis

284 3842 390 3916 porro
418 3822 518 3915 copiis
547 3820 806 3896 Peritheoriu'm,
833 3844 915 3915 quae
940 3817 1046 3888 adhuc
1070 3822 1103 3887 in
1130 3814 1197 3887 fide
1225 3816 1428 3921 imperatoris
1452 3823 1614 3916 manebat,
1627 3836 1706 3924 401'.=

284 3918 351 3993 iilic
376 3918 522 3991 hossium
544 3912 715 3991 disceffiun·
739 3914 994 4018 exspediaturus,
1023 3914 1239 3990 concessu-
1529 3937 1532 3943 '
1726 3966 1756 4021 J

890 4119 928 4216 §a
947 4140 1029 4207 470„

395 4241 428 4331 β
438 4248 455 4336 )
483 4247 687 4345 [imperator
712 4251 933 4320 Cantacuzens
958 4240 1117 4321 Mesenen
1140 4242 1254 4319 vrbem
1273 4249 1515 4345 antiquamiam
1531 4250 1619 4330 olim*

283 4343 423 4417 dirutam
436 4398 454 4433 ‚.
471 4342 670 4447 prosedas]
690 4354 778 4422 inter·
799 4346 1032 4422 dormiendum
1058 4350 1143 4419 hanc
1167 4372 1287 4421 vocem
1301 4344 1400 4422 audiit
1412 4398 1422 4431 ,
1434 4408 1459 4443 „
1489 4356 1615 4451 Exper.

1516 4450 1623 4555 giscev

324 4644 373 4725 a)
397 4662 622 4709 urcrmonvs
639 4673 652 4709 :·
673 4646 753 4712 Cam*
774 4646 824 4712 ibi'
839 4648 906 4732 [bd
930 4642 1169 4731 Mosynopolin]
1194 4645 1414 4729 imperatorem
1425 4655 1617 4719 commorari

426 4732 700 4813 asparalataribas
722 4734 870 4821 didiciffat
895 4735 1094 4815 Mamiriias,
1120 4735 1173 4817 qui
1191 4734 1339 4813 proxima
1363 4746 1394 4799 at
1413 4734 1622 4820 ipsacoasulio
1689 4768 1693 4774 ·

414 4818 616 4896 vastabatur,
642 4816 1070 4906 amicitiamqaastmuiabut3
1090 4817 1243 4893 decreuit,
1261 4821 1445 4906 priusquam
1463 4828 1623 4890 exercitus:

421 4902 491 4989 effat
514 4898 738 4987 congregatus,
770 4910 1012 4991 imperatorem,
1043 4904 1176 4969 noudum
1199 4920 1337 4985 guarum
1367 4909 1435 4973 aiae
1449 4909 1579 4995 fabulae
1601 4957 1621 4987 ,.

420 5008 498 5073 quaa
521 4992 694 5074 agebatur,
716 5014 753 5057 aa
775 4992 852 5059 athir
873 5000 934 5060 tale
957 5002 1135 5059 maturatam
1157 4990 1287 5057 adoriri.
1332 4990 1409 5061 Cum
1432 4998 1492 5065 iliis
1510 4999 1621 5085 itaqua

322 5156 392 5219 Qu
408 5140 457 5204 td.
474 5144 549 5211 ibid.
569 5164 606 5239 p.
621 5162 687 5225 590.
698 5128 823 5236 Niceph.
838 5150 934 5230 Greg..
970 5146 1015 5211 T.
1038 5148 1074 5211 ΙΙ.
1096 5162 1213 5237 μμ,
