4642 6992
375 1288 399 1436 Ι,
493 1313 716 1432 &muronu-

507 1447 557 1507 με
579 1432 651 1492 Pal
704 1477 708 1483 .

723 1222 789 1320 ²5⁸¹
1145 1211 1569 1296 SERVICORVM

1304 1424 1345 1496 0.
1373 1443 1387 1493 t
1538 1455 1542 1465 ·
1978 1485 1982 1494 .

719 1549 765 1625 est
790 1552 825 1620 in
850 1545 918 1618 eius
943 1540 1092 1616 oratione
1116 1447 1348 1642 intelligebtia,
1373 1440 1553 1614 elidonsrlii
1582 1513 1730 1624 bonitas,
1761 1557 1798 1615 vt
1823 1566 1886 1616 nee
1909 1535 2019 1620 multo

717 1642 1018 1749 intelligentissimus
1041 1644 1201 1728 meliora,
1236 1671 1298 1717 nec
1323 1639 1637 1718 beneuolentilstmus
1660 1643 1785 1717 utiliora
1822 1647 1915 1718 nobis
1949 1642 2018 1720 sua-

719 1752 798 1828 dere
823 1745 927 1849 poffit
980 1752 1089 1850 Qare
1114 1767 1148 1821 et
1163 1771 1236 1847 ego
1261 1742 1352 1819 idem
1378 1771 1455 1818 curn
1482 1771 1518 1819 ca
1543 1741 1670 1826 sentio,
1693 1747 1944 1918 tequebortor,
1970 1753 2017 1820 vti

718 1851 856 1952 amplius
887 1875 930 1922 ne
951 1848 1100 1938 laborea3
1130 1845 1197 1952 sed!
1213 1849 1304 1920 hunc
1328 1851 1531 1948 imperatoris
1555 1845 1597 1920 ad
1623 1873 1683 1918 nos
1705 1875 1724 1918 a
1749 1867 1884 1944 uentum
1913 1843 2034 1922 ilaris·

593 2009 597 2021 ,
716 1955 791 2032 fimi
827 1955 970 2024 nominis
996 1951 1163 2023 materiam
1189 1945 1365 2042 ducentes,
1390 1949 1533 2022 alacriter
1557 1954 1586 2040 ei
1612 1943 1864 2034 succurramus,
1916 1955 2011 2024 Haec

715 2059 854 2132 breuiter
879 2055 1032 2135 Liberos,
1058 2077 1142 2150 quae
1167 2055 1297 2135 ctrnsbi,
1324 2051 1405 2123 nihil
1431 2049 1635 2132 adiicientes,
1670 2071 1705 2124 vt
1736 2077 1777 2124 ex
1810 2077 1890 2126 vero
1925 2049 2013 2126 dieta

716 2159 946 2257 approbarunt.
999 2152 1108 2226 Crales
1139 2177 1273 2252 quoque
1298 2157 1430 2253 coniugi
1456 2157 1570 2253 gratias
1596 2177 1714 2252 agere,
1749 2151 1840 2260 quod
1867 2150 1946 2236 libi,
1978 2173 2015 2228 vt

716 2283 842 2357 magno
855 2257 1017 2354 principi,
1040 2249 1267 2352 gloriosissima
1284 2274 1317 2329 et
1341 2251 1571 2354 excogitasset,
1597 2273 1629 2330 et
1643 2246 1799 2340 suasisset,
1825 2251 2010 2332 consulun-

720 2385 786 2462 que
811 2364 908 2431 etiam
932 2350 1000 2456 ipse
1024 2377 1131 2429 ratum
1155 2356 1278 2429 habuit.
1995 2391 2000 2396 ·

1307 2474 1337 2570 i·
1372 2427 1454 2564 152(

822 2626 868 2694 At
893 2624 982 2693 enim
1008 2617 1125 2702 Crale,
1150 2645 1254 2694 vxore
1280 2638 1313 2690 et
1337 2613 1477 2711 dynastis
1501 2617 1591 2689 hunc
1616 2620 1650 2689 ia
1668 2612 1811 2689 modum
1837 2615 1879 2692 de
1904 2621 2008 2719 impe

717 2735 825 2792 satore
851 2717 1123 2804 consultantibus,
1149 2741 1313 2819 quotquot
1338 2747 1414 2790 curn
1440 2745 1482 2790 eo
1497 2721 1638 2791 Romani
1665 2715 1886 2806 aduenerant,
1914 2725 2014 2804 anxii,

718 2844 764 2892 ne
789 2843 924 2920 propter
950 2822 1030 2894 illius
1056 2831 1091 2893 in
1116 2817 1293 2894 recusando
1321 2819 1533 2893 constantiam
1557 2847 1576 2890 a
1601 2819 1754 2892 Triballis
1780 2821 1869 2894 malo
1895 2825 2015 2897 madia·

719 2944 856 3006 rentur,
879 2919 1032 2995 adeuntes
1056 2916 1237 3022 rogabant,
1257 2925 1298 2995 'vt
1323 2926 1465 3020 tempori
1491 2917 1645 2993 seruiret:
1672 2943 1705 2993 et
1729 2947 1811 3019 quae
1838 2928 1915 2994 tanti
1939 2949 2018 2996 mo·

629 3029 633 3035 '
719 3029 823 3095 menti
851 3050 922 3096 non
948 3019 1068 3106 essent,
1094 3050 1199 3103 eane
1212 3046 1279 3096 tam
1293 3019 1483 3122 praefradle‘
1498 3022 1675 3106 abnueret,
1702 3021 1921 3122 postulataque
1946 3027 2018 3098 bar-

719 3122 873 3212 barorum
901 3125 1066 3225 expleret:
1091 3152 1133 3198 ne
1159 3126 1279 3224 alioqui
1307 3129 1352 3196 ira
1378 3120 1538 3208 succensi,
1564 3128 1681 3196 ineos
1707 3124 1819 3196 acerbe
1846 3121 2012 3216 saeuirent.

717 3223 774 3296 tle
799 3246 932 3299 toruum
966 3253 1003 3298 ac
1028 3227 1248 3299 nuculennrm
1283 3229 1437 3308 intuitus,
1471 3219 1621 3298 facessere
1647 3251 1725 3297 cunr
1760 3223 1840 3298 isloc
1874 3226 2013 3302 consilio

671 3389 679 3408 ,
718 3327 824 3411 iubet,
849 3325 941 3427 quod
968 3333 1045 3401 vino
1071 3350 1271 3428 mortuoque
1296 3354 1456 3428 magnum
1480 3323 1619 3399 dedecus
1645 3323 1944 3428 turpitudinemque
1969 3325 2015 3404 af-

717 3421 826 3502 ferret.
878 3429 977 3502 Nolle
1010 3434 1099 3503 enim
1140 3434 1316 3529 imperium
1348 3433 1538 3501 Romanum
1574 3425 1740 3526 prodere,
1759 3501 1760 3511 ,
1778 3453 1841 3501 nec
1876 3430 2014 3504 barbaris

718 3529 907 3604 hominbus
933 3531 1017 3604 vltro
1041 3535 1076 3601 in
1103 3557 1216 3634 manus
1243 3529 1339 3612 dare,
1375 3535 1523 3629 quamuis
1545 3527 1649 3628 longe
1671 3531 1844 3603 maioribus
1875 3557 1912 3602 ae
1937 3529 2011 3605 diri-

718 3631 828 3704 oribus
855 3631 946 3702 malis
968 3652 1195 3729 premeretur3
1228 3657 1342 3706 verum
1374 3636 1417 3706 ita
1442 3657 1504 3728 pro
1538 3656 1578 3703 eo
1611 3651 1858 3731 puguatumm,
1889 3639 2010 3708 eteius

718 3735 790 3804 iura
815 3729 1072 3815 custoditurum,
1107 3732 1194 3804 velut
1224 3729 1250 3803 li
1277 3757 1318 3803 eo
1345 3748 1416 3804 toto
1442 3729 1500 3803 libi
1524 3727 1690 3815 subiecto,
1722 3725 1788 3828 ipse
1813 3733 1944 3832 plenam
1971 3761 2011 3808 ae

720 3825 884 3906 summam
919 3830 1076 3904 llanrendi
1108 3837 1331 3905 aurboritatem
1364 3833 1508 3914 habens,
1542 3859 1619 3904 curn
1652 3832 1828 3920 Triballis,
1865 3833 2011 3922 Moesis,

719 3952 775 4006 aut
798 3932 864 4004 aliis
887 3938 1072 4006 vicinorum
1096 3935 1306 4008 barbarorum
1338 3929 1380 4006 de
1409 3923 1543 4006 foedere
1573 3951 1689 4036 ageret.
1738 3931 1812 4020 illi,
1841 3927 2008 4012 seueritate

511 4144 518 4153 ,
591 4064 593 4067 ·
720 4029 936 4136 responsionis
962 4033 1124 4138 percuffi,
1145 4035 1251 4114 statim
1276 4035 1308 4114 se
1332 4031 1561 4112 subduxerunt.

1311 4209 1343 4306 §-
1368 4227 1427 4302 153·

725 4323 730 4335 ’
827 4324 937 4403 Crales
969 4356 989 4402 e
1018 4327 1154 4406 consilio
1188 4331 1336 4420 rediens,
1368 4331 1526 4418 „Vicisii,
1552 4337 1722 4435 inquirat,
1748 4339 1942 4436 imperator,
1966 4363 2007 4414 ae

594 4469 601 4482 ·
722 4429 817 4504 nobis·
840 4425 1042 4530 persuasisti,
1066 4453 1102 4508 vt
1127 4439 1301 4509 amicitiam
1326 4457 1414 4508 tuam
1439 4433 1555 4537 grandi
1581 4442 1736 4537 pecuniae
1761 4458 1794 4510 et
1817 4439 1931 4538 amplis
1955 4467 2007 4526 vr·

723 4529 814 4622 bibus
838 4531 1100 4631 anteponendam
1125 4531 1318 4610 censeamus.
1368 4543 1477 4637 ltaque
1503 4565 1619 4611 omncs
1633 4536 1720 4640 quali
1737 4538 1926 4638 quibusdam
1941 4548 2007 4617 vin·

722 4637 801 4705 cuis
826 4636 882 4705 tibi
907 4633 1070 4717 astridos,
1095 4641 1216 4723 trahis,
1240 4661 1273 4713 et
1306 4637 1371 4711 uasi
1389 4636 1429 4712 de
1454 4643 1629 4740 compadlo
1655 4635 1797 4714 sumtum
1822 4637 1948 4726 facere,
1975 4661 2009 4718 et

724 4737 874 4832 quemuis
899 4755 954 4807 nra
979 4731 1069 4808 causa
1090 4734 1236 4812 laborem
1262 4667 1401 4814 hilariter
1425 4737 1568 4840 perferre
1593 4739 1821 4814 constituimus.
1866 4741 2009 4818 Proinde

720 4853 782 4916 tu,
808 4835 1028 4932 quaelubet,
1054 4842 1200 4937 impera:
1224 4867 1285 4916 nos
1312 4846 1467 4942 imperata
1492 4839 1715 4916 sludioliffime
1744 4841 2010 4944 libentdsnneque

654 4938 658 4945 “
719 4934 943 5012 conficiemus.
994 4941 1142 5038 Rogabat
1165 4947 1267 5026 item,
1293 4963 1350 5027 vt,
1383 4937 1665 5042 quemadmodum
1697 4949 1730 5015 in
1749 4947 1896 5018 ‚concilio
1930 4944 2008 5022 effer

720 5031 850 5130 risum,
874 5032 1073 5115 sacramento
1096 5063 1291 5162 perpensam
1315 5071 1354 5121 ac
1377 5043 1617 5125 flabilem'cum
1635 5041 1710 5147 ipsis
1726 5040 1912 5168 societatem
1924 5055 2005 5122 ami.

1883 5169 2005 5244 *ΨΜ

763 5253 819 5314 ω.
838 5236 883 5361 Id.
902 5239 977 5306 ibid.
1001 5265 1032 5328 p.
1054 5258 1124 5324 497.
1441 5249 1491 5343 z)
1514 5244 1610 5332 εἶπεν
1634 5241 1847 5352 leopatius.
