4642 6992
537 1338 744 1423 rmppaom.

527 1420 584 1487 ain
615 1424 685 1489 Par.

536 1526 679 1573 roanmt

535 1594 664 1676 Canae

753 1246 811 1325 318
869 1218 873 1221 ⁴
1194 1230 1614 1310 SERVICORVM

1231 1458 1261 1507 a
1297 1440 1337 1511 G
1365 1452 1572 1530 1348-1357.
2153 1482 2154 1487 ,

749 1554 863 1642 cansa,
887 1554 975 1631 nrrlla
999 1550 1172 1629 occasione
1196 1579 1215 1625 a
1240 1580 1296 1630 me
1323 1559 1490 1655 praebita,
1517 1542 1599 1627 mihi
1630 1550 1814 1637 insidiatum
1843 1547 2050 1626 Thessaloni·

750 1659 919 1743 censibus,
944 1677 979 1732 vt
1002 1661 1037 1729 in
1063 1660 1245 1743 ascirent,
1271 1660 1385 1731 audior
1410 1654 1519 1739 suisli,
1547 1660 1794 1755 Germanosque
1820 1672 1893 1727 titos
1918 1680 1960 1727 ex
1986 1646 2051 1750 ipsa
2153 1686 2154 1747 γ

750 1755 998 1866 propemodum
1024 1762 1094 1831 acie
1126 1756 1291 1833 reuocasli.
1344 1764 1437 1846 Quae
1471 1754 1622 1857 professo
1655 1752 1920 1855 imparttmislimi
1951 1752 2050 1827 hollis
2153 1770 2154 1841 3

750 1862 816 1939 esse
839 1858 866 1934 st
889 1881 926 1933 tu
950 1885 1023 1933 non
1047 1857 1156 1942 abeas,
1181 1876 1213 1931 at
1238 1854 1369 1951 dicent,
1397 1877 1561 1961 quotquot
1586 1860 1640 1929 hic
1664 1857 1771 1931 allant.
1804 1862 1865 1930 Me
1881 1876 1991 1930 autem
2007 1858 2051 1925 ia·

753 1962 796 2038 de
827 1980 1008 2037 reuertente
1031 2010 1058 2045 ,,
1079 1986 1216 2031 manum
1252 1954 1305 2033 ad*
1319 1965 1440 2035 Axium
1465 1958 1613 2045 flumen,
1639 1956 1768 2037 transitu
1794 1984 1849 2030 me
1874 1958 2051 2057 prohibitus

657 2134 679 2153 ,,
714 2072 718 2076 ’
750 2092 849 2151 ram,
875 2060 1009 2145 mifisli,
1033 2081 1066 2133 et
1090 2080 1217 2133 tantum
1245 2088 1316 2135 non
1347 2081 1401 2135 tua
1424 2058 1492 2162 ipse
1517 2086 1616 2133 manu
1641 2060 1784 2133 hostibus
1807 2083 1863 2131 me
1888 2054 2050 2131 tradidisti.
2153 2108 2154 2119 a

643 2394 714 2477 198.

750 2171 803 2243 Eo
830 2167 919 2239 enirn
946 2159 1133 2236 necessitatis
1159 2158 1314 2263 adegisli‚
1348 2186 1403 2247 vt,
1431 2161 1490 2238 nisi
1517 2166 1607 2237 Dens
1634 2158 1768 2334 desusper
1792 2188 1929 2233 mamrm
1962 2152 2050 2229 suam

748 2265 793 2340 ad
816 2266 944 2343 sliunen
971 2261 1196 2337 traiiciendum
1236 2262 1445 2349 extendisset,
1479 2291 1498 2335 a
1537 2262 1694 2342 circumsu
1711 2290 1736 2335 rs
1772 2259 1868 2335 fimul
1892 2264 2050 2335 Romanis
2153 2296 2154 2331 t

746 2389 847 2469 atque
870 2356 1007 2441 barbaris
1032 2363 1120 2439 nulla
1146 2392 1222 2436 cunr
1248 2364 1355 2438 noslra
1379 2366 1482 2467 gloria
1507 2360 1636 2439 delendi
1659 2362 1838 2438 fuerimus:
1867 2380 1936 2435 tam
1964 2386 2049 2459 prae·

755 2470 840 2543 clare
865 2488 900 2541 tu
926 2463 1174 2549 iusiurandum,
1209 2463 1309 2565 idque
1337 2474 1371 2538 in
1396 2468 1510 2559 litteras
1537 2492 1643 2565 nuper
1674 2464 1834 2547 relatum,
1866 2460 2049 2563 praeslitisli.
2153 2520 2154 2537 r

751 2576 826 2647 Nec
851 2563 1053 2641 clandestinis
1079 2565 1197 2667 insidiis
1224 2590 1412 2653 contentus,
1440 2572 1537 2641 etiam
1564 2571 1779 2667 Apocauchi,
1799 2568 1951 2639 ‘hominis
1976 2588 2049 2635 ven·
2153 2614 2154 2663 t

747 2671 837 2755 toll,
872 2670 1037 2769 figmentis
1063 2666 1225 2752 credam,
1258 2690 1290 2743 et
1313 2675 1450 2770 pecunia
1475 2671 1514 2743 ab
1540 2667 1619 2753 illo,
1655 2688 1690 2743 vt
1715 2666 1865 2751 aiebant,
1896 2682 2049 2762 accepta,

750 2766 881 2859 hbt'lem
907 2798 962 2843 me
983 2768 1094 2872 'palam
1121 2770 1303 2852 declarasti,
1327 2798 1430 2871 quem
1457 2777 1490 2842 in
1515 2773 1700 2843 iuramento
1726 2766 1849 2841 socium
1868 2763 1994 2870 semper
2009 2784 2048 2837 at·
2153 2776 2154 2847 3

751 2903 816 2977 qne
840 2878 983 2947 amicum
1009 2874 1194 2947 habiturum
1221 2894 1252 2946 te
1277 2868 1394 2946 scribis.
1445 2878 1539 2947 Haec
1565 2876 1620 2972 qui
1644 2867 1763 2957 saciat,
1798 2896 1861 2947 nec
1887 2888 1924 2945 tu
1951 2892 2048 2949 eum,
2153 2894 2154 2963 ἢ

750 2984 894 3079 opinor,
919 2979 1023 3046 iuratis
1054 2974 1135 3046 slare
1159 2972 1377 3049 affirmaueris.
1965 3034 1983 3047 .

857 3072 1021 3174 „Insuper
1043 3074 1160 3147 litteras
1186 3079 1354 3161 mittebas,
1391 3078 1503 3177 quibus
1527 3100 1643 3175 pacem
1678 3092 1712 3147 et
1736 3076 1908 3147 amicitiam
1942 3090 2047 3169 aperte
2153 3074 2154 3099 ³

750 3176 981 3259 reatinensis,
1007 3195 1039 3247 et
1065 3174 1211 3262 bellurn,
1245 3204 1315 3253 non
1341 3200 1414 3251 ante
1441 3206 1503 3279 pro
1530 3204 1626 3249 more
1659 3169 1843 3259 heddium,
1880 3171 2048 3249 denuncia·
2153 3156 2154 3189 ³

751 3278 825 3349 bas:
854 3304 931 3379 quas
955 3299 989 3350 et
1013 3281 1048 3347 in
1074 3281 1164 3349 hunc
1189 3304 1292 3379 vsqne
1316 3278 1402 3352 diem
1437 3308 1456 3352 a
1483 3307 1538 3353 me
1562 3274 1695 3352 serrratas
1726 3274 1834 3351 videre
1863 3274 1949 3351 licet.
1999 3278 2048 3361 Ex

752 3376 810 3451 illo
843 3408 900 3452 me
936 3397 967 3451 et
992 3375 1166 3452 manifestis
1191 3386 1286 3453 armis
1319 3402 1352 3455 et
1378 3382 1509 3455 occultis
1536 3377 1653 3453 insidiis
1686 3398 1795 3477 petere
1825 3402 1896 3450 non
1923 3370 2048 3465 cessasti.
2153 3384 2154 3455 5

753 3482 842 3553 Nam
866 3500 902 3555 et
926 3484 961 3551 in
987 3507 1043 3552 me
1066 3477 1345 3575 Didymotichrmr
1377 3510 1454 3555 cum
1489 3486 1627 3555 Atnurio
1659 3475 1847 3564 reuersum,
1879 3476 2048 3577 postquam
2153 3480 2154 3565 ζ

750 3580 805 3653 ille
829 3586 863 3684 in
886 3579 997 3655 Asiam
1020 3588 1241 3684 renauigauit,
1267 3604 1302 3658 vt
1325 3588 1527 3683 Apocaucho
1541 3580 1695 3683 promissa
1717 3578 1985 3674 facetemtobur
2000 3604 2048 3649 ex·
2153 3628 2154 3651 s

754 3687 869 3755 ercitus
902 3682 1039 3766 duxisti,
1074 3704 1106 3754 et
1131 3710 1231 3787 ,esque
1256 3684 1481 3783 Mygdoniam
1507 3687 1615 3783 palam
1640 3684 1739 3758 hoslis
1761 3708 1855 3755 meus
1883 3677 2048 3756 tetendisti
2153 3736 2154 3757 r

754 3781 854 3859 l’ersrs
877 3802 988 3858 atatem
1013 3780 1172 3881 peditibus
1199 3788 1463 3871 occurrentibus2
1499 3813 1642 3887 qnorum
1674 3812 1771 3859 naues
1802 3786 1931 3857 Latinae
1967 3786 2047 3854 trire-
2153 3802 2154 3807 ¹

755 3911 825 3957 mes
851 3882 1084 3967 incenderant,
1125 3904 1158 3957 et
1182 3892 1312 3987 egregie
1338 3894 1444 3960 attrito
1471 3889 1509 3960 ab
1537 3894 1581 3962 eis
1608 3892 1772 3969 exercitu,
1806 3910 1907 3985 quem
1941 3901 2048 3977 contra

755 3981 841 4085 ipsos
865 3986 1031 4068 mittebas,
1057 3983 1122 4084 ipse
1147 4012 1280 4086 quoque
1305 3982 1479 4087 improuisa
1503 4016 1538 4063 re
1564 3986 1724 4088 perculsus
1749 3990 1783 4057 in
1803 4007 1892 4059 taam
1918 3987 2048 4083 protritis
2153 3986 2154 3989 ’

755 4092 838 4159 ciam
863 4085 1002 4160 rediisti:
1035 4106 1069 4158 et
1094 4088 1287 4161 Manuelem
1320 4088 1519 4189 despotam,⁸
1543 4090 1649 4163 filium
1682 4116 1818 4169 nasum,
1851 4114 1954 4187 quem
1989 4109 2046 4183 ego
2153 4098 2154 4163 3

755 4190 938 4263 Berrhoeae
963 4184 1263 4291 oppidulorumque
1299 4192 1436 4265 aliomtn
1468 4187 1670 4290 praefeslum
1700 4190 1912 4289 reliqueram,
1947 4188 2045 4287 palam

756 4286 924 4363 obsedisli:
950 4318 1011 4363 nec
1036 4293 1121 4363 ciues
1146 4298 1284 4389 pecunia
1312 4293 1484 4393 depranare
1511 4290 1664 4375 omisisti,
1698 4292 1805 4364 donec
1829 4288 1886 4363 illis
1913 4284 2045 4363 exosum
2153 4328 2154 4377 3

753 4396 791 4465 in
814 4388 1014 4466 Thessaliam
1040 4392 1197 4490 expulisti.
1250 4397 1310 4481 Trr
1337 4422 1416 4470 vero
1442 4395 1553 4468 vrbem
1580 4394 1784 4493 occupabas,
1815 4412 1848 4465 et
1872 4394 1987 4465 Pheras
2013 4385 2046 4460 st·

753 4492 878 4566 militer
895 4493 1000 4594 longo
1024 4512 1176 4592 tempore
1202 4492 1373 4591 obsidens,
1400 4524 1476 4569 curn
1493 4516 1524 4568 te
1540 4523 1687 4579 orarem,
1713 4500 1948 4593 iuramentique
1962 4516 2046 4564 com·
2153 4560 2154 4567 ,

754 4592 1023 4679 monefacerem‚
1048 4594 1338 4697 qnandoquidem,
1365 4599 1449 4691 ciuili
1473 4596 1557 4670 bello
1584 4597 1758 4681 distentus,
1785 4592 1825 4667 ad
1858 4596 1951 4670 vrbes
1984 4592 2044 4665 illas
2153 4586 2154 4609 ³

757 4693 911 4771 accedere
933 4725 1005 4771 nan
1029 4717 1204 4795 poteram,
1237 4703 1322 4771 auris
1352 4692 1559 4799 discerpenda
1591 4726 1666 4772 mea
1691 4699 1785 4773 verba
1821 4694 1986 4770 tradebas:
2017 4708 2046 4766 et

758 4797 896 4899 egestate
921 4800 993 4873 illos
1020 4794 1263 4899 obsessioneque
1289 4797 1405 4874 assidua
1431 4827 1608 4902 premens,
1636 4800 1802 4900 postremo
1829 4806 1926 4871 etiam
1950 4798 1991 4869 ibi
2006 4797 2045 4865 ci·
2153 4848 2154 4903 l

757 4902 848 4973 uibus
872 4904 1029 5000 primariis
1054 4906 1193 4998 pecunia
1218 4899 1431 4977 transuersum
1457 4906 1558 4987 aclis,
1584 4904 1698 4977 vrbem
1724 4900 1763 4975 ad
1790 4920 1821 4973 te
1843 4896 1994 4973 allerisii:
2016 4909 2046 4968 et
2153 4932 2154 4977 ρ

755 5001 971 5103 postmodum
1002 5028 1126 5100 magno
1171 5008 1315 5103 equitum
1355 5004 1567 5105 peditnmque
1610 5031 1750 5079 nurnero
1781 4998 1981 5075 Thessaliam
2016 5012 2046 5069 et
2153 5000 2154 5069 i

755 5110 972 5179 Acarnaniam
996 5106 1230 5179 Romanorum
1255 5110 1438 5208 prouincias
1469 5106 1631 5196 muafisli,
1666 5134 1706 5181 ac
1738 5104 1981 5185 memorabilem
2013 5096 2048 5170 is*
2153 5114 2154 5179 l

1931 5196 2154 5281 'lant

800 5318 858 5386 198.
882 5306 925 5376 Id.
949 5302 1022 5371 ibid.
1046 5328 1077 5394 p.
1101 5315 1167 5394 786.
