4642 6992
759 1162 969 1253 curvr
994 1167 1123 1240 xxzrn.
1204 1267 1207 1271 μ
1578 1114 1661 1262 tn

721 1354 724 1359 .
1649 1273 1729 1357 Imp.
1783 1292 1849 1335 an.
1883 1325 1890 1333 .

619 1450 622 1458 y
781 1366 1138 1455 aemam-1324.
1651 1356 1844 1453 uuoutco'

302 1524 388 1577 eum
407 1490 667 1594 Palmlogum,
689 1518 850 1596 maguum
877 1498 1174 1601 stratopedarcham
1196 1518 1232 1571 et
1263 1502 1423 1574 loannem
1455 1500 1632 1602 Aplespha.
1647 1444 1720 1511 Μ’

306 1620 380 1679 rem
403 1596 445 1673 ad
471 1618 586 1697 pacem
614 1590 797 1673 faciendam
818 1598 934 1697 misst3
960 1602 1228 1699 perstiteruntque
1252 1604 1396 1675 Romani
1421 1623 1453 1675 et
1479 1604 1637 1683 Moesrin

304 1700 445 1779 foederis
468 1700 709 1773 communione
735 1697 798 1771 diu.
848 1702 1005 1781 Militibus
1027 1708 1110 1778 item
1135 1698 1278 1777 domum
1310 1703 1416 1777 redire
1447 1702 1558 1790 iulis,
1592 1704 1638 1781 de

305 1826 378 1881 rou
398 1830 435 1881 te
457 1797 626 1875 ad'auum
649 1795 841 1902 perscripsit
1064 1798 1070 1805 ’
1445 1852 1449 1861 ,

891 1905 926 2004 b
952 1926 1032 1997 aon

856 2112 888 2161 a„
915 2088 954 2161 C.
980 2080 1066 2175 talu.
1131 2113 1134 2119 ·
1642 2018 1758 2099 ’ΒΜ
1793 2050 1827 2122 9'

410 2224 618 2320 [urrunnu
639 2218 787 2315 fluuius]
812 2218 915 2297 oritur
938 2248 958 2293 e
981 2217 1338 2319 superimpendentibua
1360 2226 1513 2297 maximia
1536 2249 1636 2297 mon·
1645 2244 1723 2318 347.

300 2324 413 2409 eibos,
440 2330 520 2424 qni,
540 2350 564 2395 a
586 2342 693 2420 ponto
719 2324 852 2419 Etmino
874 2317 1009 2402 exorfi,
1032 2325 1271 2395 continentibus
1295 2329 1377 2423 iugis
1403 2350 1505 2425 utque
1528 2323 1571 2396 ad
1586 2333 1638 2399 io·

256 2494 257 2497 ,
300 2432 401 2498 arium
427 2450 515 2497 mare
538 2428 774 2523 porrigentem
796 2448 838 2493 ac
861 2420 1039 2495 Meridiern
1063 2442 1099 2497 et
1124 2424 1281 2496 Austrum
1305 2421 1413 2498 oersnr
1451 2428 1638 2500 Thraciam

301 2545 341 2598 et
365 2522 622 2613 Macedonium
648 2520 753 2597 versus
780 2525 1060 2620 septemtrionem
1091 2520 1273 2618 Mysorum
1309 2545 1407 2599 terrae
1442 2548 1479 2599 et
1519 2526 1637 2599 lllrum
1748 2536 1759 2558 ⁸

303 2624 447 2701 fluuium
472 2630 657 2699 terminant.
673 2664 714 2680 -··
732 2624 837 2719 [Hoc
861 2623 965 2697 fluuio
989 2626 1156 2711 annuo]
1171 2662 1213 2679 *
1228 2630 1264 2697 in
1294 2622 1408 2697 siluam
1439 2622 1574 2698 densam
1604 2644 1640 2699 et
1704 2619 1708 2624 ⁴

299 2726 508 2825 inaequalem
530 2724 727 2807 incidimus,
751 2722 944 2797 latebrarum
967 2722 1125 2822 plenam,
1155 2742 1193 2797 et
1224 2722 1398 2823 profundit
1431 2728 1638 2827 voraginibus

300 2826 422 2929 paffim
446 2829 617 2927 abruptam
637 2862 695 2897 -.
718 2828 835 2899 Subito
861 2830 920 2902 uiri
946 2822 1077 2922 quidam
1099 2850 1144 2898 ex
1169 2823 1230 2897 illis
1258 2828 1392 2925 rupibua
1421 2846 1457 2901 et
1489 2830 1636 2899 cauernis

299 2926 401 3003 exsnr
425 2949 505 3012 unt,
528 2933 628 3029 nigris
652 2924 755 2997 induti
779 2926 917 2999 vellibnt
939 2950 961 2997 e
984 2925 1063 2999 lauit
1092 2944 1129 2999 et
1159 2923 1359 3011 velleribus,
1390 2952 1474 3025 qnae
1530 2924 1639 2999 ecudi·

303 3032 364 3103 bns
392 2957 616 3103 ‹lineare-ant
641 3029 688 3110 ii,
716 3027 829 3126 quibua
859 3052 946 3126 opue
976 3022 1136 3109 fuerant,
1167 3024 1328 3101 diabolica
1369 3028 1465 3126 piune
1503 2954 1639 3128 betta.

299 3127 372 3205 Sed
398 3130 499 3204 iidem
522 3156 596 3202 uon
621 3132 710 3225 grani
735 3146 899 3199 armatura
921 3126 1093 3213 inllrudli,
1119 3130 1228 3200 immo
1251 3133 1396 3201 omnino
1420 3129 1509 3202 leues
1534 3148 1639 3203 etex·

300 3228 407 3333 pediti
433 3248 530 3305 erant.
580 3236 631 3305 nc
654 3227 801 3326 plerique
822 3254 916 3305 arma
939 3225 985 3301 ad
1007 3230 1160 3301 cominus
1185 3228 1402 3329 pugnandum
1424 3251 1500 3329 apta
1521 3232 1639 3302 inrua-
1758 3314 1762 3319 ,

300 3334 400 3407 nibus
422 3332 605 3415 habebant,
627 3356 750 3427 nempe
774 3330 876 3402 balaa
899 3353 935 3401 et
956 3326 1089 3403 semies.
1111 3328 1249 3430 quidam
1271 3351 1308 3403 et
1328 3330 1393 3404 tela
1423 3329 1549 3407 miffilia
1577 3356 1638 3430 ge·

300 3435 436 3511 flabant
484 3441 535 3508 nc
558 3428 878 3531 priutipio·qrridem
910 3430 981 3505 lieri
1010 3456 1083 3505 noa
1106 3451 1265 3531 poterat,
1282 3437 1368 3532 quin
1391 3434 1486 3505 nobis
1519 3450 1556 3505 et
1586 3436 1638 3505 in·

300 3536 462 3635 tempesta
477 3536 575 3609 node
599 3554 632 3606 et
653 3536 774 3633 ignotis
797 3536 834 3605 in
856 3532 938 3607 loeis
956 3554 1116 3605 terrorem
1128 3538 1332 3607 incuterent:
1356 3528 1540 3633 praesertim
1553 3558 1635 3608 cunt

300 3638 416 3713 nostra
435 3638 549 3737 lingua
575 3632 661 3705 hand
688 3654 859 3709 uterentur.
913 3633 995 3709 illins
1020 3639 1110 3709 enim
1133 3634 1198 3707 loci
1222 3635 1350 3709 incolae
1360 3634 1506 3734 plerique
1517 3637 1637 3730 Myso-¹

304 3766 384 3814 rum
410 3742 507 3811 tolmai
532 3732 626 3817 sunt,
651 3734 807 3837 finitimae
831 3741 993 3827 nationis,
1020 3758 1052 3825 et
1078 3741 1250 3807 communi
1277 3764 1353 3807 curn
1378 3734 1493 3825 nostris
1526 3758 1632 3834 popu·

303 3840 422 3913 laribus
448 3842 534 3911 vidlu
561 3854 699 3909 utuntur.
748 3834 877 3909 Deinde
901 3842 1082 3934 recepimus
1109 3842 1238 3909 animes
1266 3862 1298 3909 et
1320 3834 1363 3909 ad
1385 3864 1446 3909 nos
1465 3835 1629 3907 rediimus.

304 3945 396 4015 Nam
423 3934 476 4011 sua
499 3938 611 4037 lingua
630 3964 695 4009 uos
720 3941 857 4009 comiter
882 3958 913 4009 et
936 3939 1077 4011 hilariter
1106 3930 1305 4021 salutabant,
1347 3965 1411 4009 nec
1453 3941 1630 4036 quicquam

302 4036 460 4115 infestum
487 4060 519 4113 et
542 4038 699 4110 latrocinii
723 4034 826 4111 simile
849 4064 927 4137 prae
953 4034 985 4111 se
1008 4032 1175 4111 ferebant:
1200 4035 1269 4110 fine
1294 4036 1384 4136 quod
1410 4042 1504 4138 panci
1523 4040 1631 4111 etran'

304 4144 426 4225 nobis,
451 4146 505 4241 qni
530 4139 624 4212 multi
650 4166 800 4224 eramus,
824 4137 1054 4239 oppugnandis
1077 4132 1109 4209 se
1134 4134 1260 4211 futuros
1275 4135 1348 4213 ‘ess'e
1376 4144 1517 4237 impares
1551 4139 1632 4209 arbi·
1726 4196 1733 4205 .

305 4245 491 4331 trahantur,
515 4238 581 4313 sine
607 4244 696 4313 Deus
719 4266 793 4313 non
817 4238 912 4327 finit3
940 4236 1165 4341 quod'potius
1190 4266 1287 4313 reor:
1319 4241 1359 4311 ab
1389 4238 1487 4313 altera
1518 4262 1633 4313 autem
1716 4298 1719 4301 -

306 4350 467 4443 opinione
491 4339 673 4440 longissime
695 4338 815 4415 absum.
866 4344 956 4415 Cum
980 4346 1070 4415 enim
1096 4341 1138 4411 ibi
1162 4342 1364 4425 habitarent,
1389 4360 1422 4413 et
1454 4345 1487 4412 in
1513 4344 1633 4436 praeci·

306 4450 391 4546 pitiis
418 4440 544 4516 insidias
570 4438 729 4517 collocare
755 4438 978 4522 consueffent,
1026 4462 1061 4513 et
1084 4438 1180 4513 liluae
1208 4438 1360 4515 densslate
1386 4440 1473 4515 velut
1497 4444 1633 4541 inexpu-

304 4545 427 4649 gnabili
450 4542 700 4647 propugnaculo
725 4539 996 4617 defenderentur:
1029 4537 1164 4615 obseura
1198 4547 1300 4619 nodie
1332 4538 1534 4627 nobiscum,
1573 4546 1631 4639 qui

1538 4668 1632 4741 pere-

354 4866 417 4931 347.
441 4858 581 4913 metrii.
606 4856 714 4911 GREG.
727 4858 765 4906 τ.
776 4848 799 4909 1.
808 4865 836 4929 p.
845 4860 941 4917 231⁶-
988 4806 1116 4905 droaito
1151 4844 1301 4919 seniore,
1334 4842 1454 4907 viduam
1486 4842 1628 4907 caesaris,

307 4952 369 5013 aar„
400 4940 510 5001 Narrat
548 4934 616 4994 haec
646 4934 856 5017 Nicephorua,
886 4934 943 4994 iter
991 4928 1049 4990 sam
1071 4928 1140 4991 inde
1164 4949 1197 4999 vt
1218 4933 1394 5015 reduceret,
1423 4930 1548 5018 miffar,
1576 4934 1626 4996 de.

307 5026 342 5087 in
365 5025 519 5098 seuram,
542 5038 603 5101 quo
624 5017 734 5099 legatus
760 5034 820 5083 erat
836 5019 872 5079 ab
885 5024 942 5079 An·
993 5014 1131 5079 scribens.

335 5123 524 5209 ,Menon
553 5126 594 5203 Τζ
618 5122 796 5205 'ILPJL
843 5132 888 5209 M
912 5154 950 5207 ru
973 5154 1011 5209 m
1033 5153 1071 5207 ru
1093 5152 1132 5207 m

584 5368 597 5425 Ι
