4642 6992
567 1259 569 1264 -
705 1243 744 1308 ς,
1149 1153 1559 1285 sr'tvrcouvut

1122 1461 1125 1468 Δ
1347 1455 1356 1472 ‚
1425 1427 1456 1470 ο,
1654 1431 1659 1442 .

709 1532 771 1608 cile
809 1535 911 1604 ineo
943 1521 1045 1606 loco,
1086 1525 1142 1621 qui
1166 1405 1427 1595 berbaaevbffiss
1456 1533 1546 1598 erat,
1581 1509 1806 1614 perfodimum
1836 1515 1869 1596 s,
1894 1517 1997 1594 ᾱῑχῑῃ
2060 1579 2067 1587 ,

708 1631 835 1722 iamdiu
861 1632 948 1704 euim
975 1621 1061 1708 effe,
1087 1650 1164 1696 cum
1193 1623 1337 1702 Gotthi,'
1359 1619 1481 1693 cibariir
1505 1611 1675 1702 absumtis,
1711 1616 1788 1693 inde
1812 1615 1845 1694 se
1870 1621 1998 1698 alerent.

710 1741 851 1811 Summo
878 1733 973 1829 igitur
998 1751 1095 1798 mane
1119 1722 1292 1796 Sclauenur
1316 1715 1360 1791 ad
1384 1746 1519 1792 murum
1543 1716 1688 1803 accedit,
1713 1717 1872 1796 etfrutice
1896 1727 1999 1798 tectus

715 1836 885 1910 contraiio
909 1853 1051 1928 corpore
1087 1823 1128 1898 ad
1154 1825 1290 1897 herbam
1324 1819 1408 1897 latet.
1455 1826 1502 1893 Vt
1525 1825 1671 1920 primum
1693 1821 1821 1914 illuxit,
1859 1829 1909 1897 uir
1934 1829 2003 1924 qui.

715 1937 793 2012 dam
819 1960 860 2008 eo
883 1925 1088 2030 progreffus,
1114 1929 1234 2024 raptim
1259 1923 1373 1997 herbas
1399 1919 1552 2021 colligere
1578 1927 1712 2020 coepit,
1750 1922 1834 2026 nibil
1868 1926 1947 1998 muli
1982 1953 2003 1999 a

714 2035 831 2116 frutice
858 2051 1028 2113 metuens,
1049 2053 1092 2100 ¹ac
1117 2023 1224 2101 solum
1247 2031 1282 2098 in
1305 2023 1404 2097 castra
1427 2021 1571 2109 hostium
1597 2028 1771 2097 coniicienr
1789 2019 1912 2124 saepius
1924 2053 2003 2101 ocu·

714 2140 788 2222 los,
815 2161 858 2210 ne
883 2137 953 2233 quis
978 2127 1109 2202 infestus
1135 2127 1224 2203 illine
1247 2130 1381 2201 veniret.
1428 2127 1579 2224 Repente
1601 2124 1777 2198 Sclauenur
1801 2153 1820 2198 a
1843 2134 2005 2228 tergo'ir·

715 2265 812 2318 ruens
835 2231 940 2336 ipsum
965 2235 1096 2331 arripit,
1122 2249 1155 2303 et
1177 2224 1282 2304 valide
1306 2226 1459 2298 ambabus
1483 2227 1632 2322 manibus
1655 2225 1804 2300 medium
1828 2227 2006 2329 stringens,

715 2347 753 2416 in
778 2337 876 2412 castra
901 2329 1026 2416 aufert,
1050 2327 1208 2430 traditque
1234 2329 1429 2407 Valeriano:
1466 2331 1521 2398 cui
1547 2332 1735 2427 quaerenti,
1777 2326 1871 2427 quid·
1881 2350 2007 2405 tantam

716 2439 809 2544 spem
834 2439 962 2514 Gotthis
989 2430 1130 2515 faceret,
1157 2451 1213 2514 vt,
1251 2425 1533 2530 quamuieuccisrr
1558 2428 1700 2512 viribus,
1739 2424 1904 2502 durilluna
1927 2459 2006 2507 con.

635 2619 640 2626 ,
715 2545 833 2620 stanter
857 2539 981 2638 perpeti
1007 2533 1161 2617 mallent,
1187 2558 1287 2633 quam
1311 2526 1375 2603 sese
1403 2525 1549 2601 dedere?
1587 2525 1738 2602 fraudem
1764 2525 1904 2604 omnem
1929 2537 2008 2607 Bur.

718 2649 816 2720 centii
846 2641 1036 2736 [Romani,
1069 2639 1124 2736 qui
1148 2634 1266 2707 litterue
1294 2634 1512 2714 Gothorum,
1552 2632 1667 2730 quibus
1691 2635 1826 2730 Vitigen
1849 2634 2008 2712 auxilium

468 2749 476 2762 '
509 2743 513 2752 ’
643 2817 645 2823 .
717 2745 895 2846 rogabant,
929 2743 1120 2812 Rauennam
1147 2734 1387 2836 pertulerut0i]
1413 2732 1561 2809 barbarus
1592 2735 1810 2818 enunciauit,-
1837 2728 2010 2840 ipsumque

715 2867 795 2924 ante
820 2841 934 2922 oculos
959 2837 1138 2934 adduiiutu
1164 2841 1315 2916 conticit

1320 3041 1356 3140 i·
1377 3059 1435 3128 24·

514 3267 716 3350 emund)
1081 3303 1087 3324 ‘
1205 3335 1212 3351 .
1277 3230 1307 3278 ι’
1333 3206 1372 3277 c'
1395 3224 1469 3346 Ψ

583 3406 589 3416 .
641 3386 694 3458 ¹4·
834 3335 938 3434 [nvur
961 3333 1057 3435 legati
1083 3357 1102 3405 a
1126 3330 1243 3407 Totrla
1276 3327 1318 3403 ad
1341 3328 1572 3414 Iuibnranum,
1606 3347 1644 3404 ut
1675 3327 1719 3405 de
1742 3354 1825 3434 paoe
1860 3355 1940 3408 cunr
1972 3353 2017 3406 eo

675 3509 677 3516 ,
729 3461 883 3538 agerent,
908 3433 1015 3524 miili]
1030 3435 1075 3508 'in
1098 3435 1221 3508 Italiam
1248 3437 1404 3527 Byzantio
1428 3427 1590 3518 redeunt,
1624 3437 1744 3506 interea
1782 3461 1832 3507 res
1866 3440 1909 3508 ita
1934 3437 2018 3536 geri·

729 3557 781 3610 tur
807 3542 842 3612 in
868 3541 1017 3612 Lucania.
1068 3537 1240 3610 Tullianus
1275 3537 1524 3628 [Romanarum
1550 3539 1719 3631 copiarum
1733 3533 1816 3608 ,dux
1830 3536 1907 3630 ι’)],
1949 3535 2017 3610 col-

678 3653 680 3658 ’
728 3639 818 3713 leuis
843 3637 924 3713 illius
948 3641 1091 3738 regionis
1116 3637 1317 3731 [Lucaniae]
1351 3633 1522 3732 agricolis,
1551 3630 1660 3710 fauces
1685 3635 1915 3736 angulliffimas
1940 3631 2019 3709 inse·

644 3789 653 3799 ι
729 3735 843 3824 derat,
880 3765 924 3810 ne
947 3741 1124 3812 Lucaniam
1150 3735 1258 3808 hoster
1280 3729 1472 3806 infestarent.
1522 3733 1714 3809 Custodiam
1746 3741 1921 3811 coniuuile
1944 3763 2020 3838 age-

729 3841 808 3912 bant
831 3844 936 3914 Antae
962 3841 1120 3921 trecenti,
1149 3863 1256 3936 quos,
1281 3833 1427 3910 Tulliani
1451 3855 1593 3933 rogatu,
1618 3837 1660 3910 ibi
1684 3845 1819 3912 Ioannes
1845 3840 2021 3934 [Vitaliani

730 3964 858 4038 nepos,
884 3937 951 4014 dux
976 3943 1120 4013 Rotnani
1145 3940 1325 4032 exercitur]
1350 3953 1424 4037 ante
1448 3934 1627 4034 reliquerat.
1675 3945 1806 4013 Etenim
1831 3946 1942 4040 peritia
1961 3967 2022 4038 pu·

730 4037 855 4142 gnandi
881 4047 915 4112 in
939 4033 1063 4113 salebris
1090 4041 1306 4139 angustiisque
1332 4037 1468 4124 cunibus
1493 4039 1688 4113 antecellunt
1712 4046 1747 4113 hi
1773 4042 1903 4114 barbari.
1963 4069 2022 4115 uae

732 4169 810 4214 cum
833 4135 969 4215 resciffet
993 4140 1120 4216 Totilar
1133 4193 1147 4238 ,l
1178 4137 1204 4212 ii
1232 4137 1374 4212 Gottbos
1407 4156 1532 4210 rantum
1563 4145 1598 4211 in
1612 4136 1702 4228 'illud
1726 4135 1896 4216 discrimen
1920 4149 2027 4216 mitte·

732 4263 803 4326 ret,
828 4238 956 4316 senon
982 4269 1022 4315 ex
1047 4268 1083 4314 re
1107 4238 1271 4314 facturum
1297 4237 1397 4311 duxit.
1449 4243 1558 4340 Qare
1576 4241 1817 4334 multitudinem
1829 4243 2026 4318 rusticorum

734 4347 918 4429 contraxit,
944 4369 1072 4444 unaque
1098 4339 1190 4420 missa
1215 4345 1332 4443 exigua
1351 4340 1553 4434 Gotthorum
1579 4369 1704 4428 manu,
1729 4346 2026 4420 viribus-omnibus

1799 4502 1808 4534 1
1865 4518 1870 4524 .
1923 4467 2025 4524 tenta·

780 4649 826 4727 c)
852 4646 900 4714 Cf.
923 4651 1054 4718 Gothico
1075 4646 1107 4732 i.
1129 4668 1198 4730 apo.
1222 4646 1298 4733 2332
1404 4648 1576 4732 plurimum
1592 4651 1729 4736 polim,
1751 4651 1894 4718 Ioannem
1925 4651 2028 4736 adiit,

711 4741 729 4788 .’
779 4754 820 4809 ¹4·
845 4739 1161 4804 mommerlo.
1193 4744 1225 4803 L.
1257 4740 1306 4802 ut
1335 4756 1361 4806 c.
1409 4733 1501 4820 deque
1514 4736 1711 4821 facinoribus
1722 4743 1761 4824 ‚iu
1777 4739 1878 4804 Italos
1897 4759 1919 4803 a
1950 4739 2029 4805 δαί·

738 4839 783 4886 22.
811 4841 840 4904 p.
862 4839 916 4899 5¹7·
1397 4817 1530 4902 suriano
1556 4827 1690 4888 exercitu
1712 4825 2029 4912 auteaadmifflrque-

780 4905 830 4986 d)
854 4909 931 4971 Exiit
954 4927 979 4972 a.
1002 4928 1035 4970 u.
1059 4909 1090 4970 B.
1115 4911 1148 4970 G.
1175 4929 1203 4992 p.
1216 4921 1275 4982 501.
1288 4905 1360 4968 exiit
1399 4907 1492 4994 stus,
1512 4914 1642 4993 recepit,
1656 4910 2028 4996 ſsquidclemeutiueiiiis

738 5011 765 5053 a.
789 5013 827 5055 12.
847 5013 876 5074 p.
898 5007 953 5073 523.
1106 5027 1113 5034 ·
1148 5053 1161 5060 -
1404 4995 1599 5080 inposterum
1615 4995 1829 5074 exhiberetur,
1842 4995 2052 5082 seituBm‘
2110 5025 2118 5038 ·
2149 5077 2152 5082 ¹

784 5078 828 5158 e)
843 5082 896 5178 ‘De
918 5097 980 5162 quo
1005 5079 1166 5160 Procopius
1190 5099 1219 5162 p.
1250 5079 1319 5158 sou!
1409 5085 1471 5145 tior
1491 5101 1528 5145 ac
1547 5083 1688 5146 Lucam
1708 5087 1740 5148 iu
1766 5088 1816 5148 ius
1836 5105 1873 5148 ac
1886 5084 2031 5152 ditionem

738 5157 886 5231 Vmautii
905 5167 987 5242 filius
1019 5165 1175 5231 Tullianus
1201 5167 1361 5235 Romanus
1410 5169 1611 5251 imperatoris
1620 5181 1846 5247 reuocaturum,
1859 5173 2033 5238 vteivebi·

738 5259 873 5333 gruere,
900 5256 979 5320 iuter
1007 5251 1137 5321 Brutior
1160 5271 1198 5318 ae
1222 5254 1363 5323 Lucanos
1407 5249 1642 5338 gaiiaperiude
1664 5261 1813 5342 ueprius
1833 5257 2006 5344 penderent.
