4642 6992
815 1164 1022 1253 cuivs
1050 1164 1159 1252 xxv.
1584 1190 1641 1279 ὃ,

1523 1303 1526 1309 ·
1652 1276 1736 1363 Imp.
1747 1288 1852 1343 ronst.

868 1396 901 1447 2,
925 1374 965 1448 c,
991 1392 1078 1470 134¹·
1651 1378 1699 1430 us
1742 1364 1813 1434 Pas.

415 1590 606 1689 superatrix
630 1564 791 1693 magnum
812 1501 1141 1669 deditissimum
1173 1598 1211 1667 lis
1240 1618 1363 1696 agere,
1395 1610 1432 1669 et
1460 1588 1504 1670 ad
1532 1600 1638 1701 petits-
1675 1616 1679 1624 ’
1745 1645 1752 1667 .

306 1717 407 1767 onem
432 1686 630 1791 respondere
653 1690 747 1767 iussit.

402 1879 425 1913 ,‚
440 1832 506 1919 Qui
534 1832 679 1927 primum
706 1834 784 1905 vitio
812 1824 922 1917 dedit,
944 1828 1041 1933 quod
1061 1830 1135 1907 ‘uon
1149 1838 1218 1908 iure
1239 1828 1406 1908 uenissent.
1420 1831 1638 1916 „Nouenim

306 1931 501 2029 oportebat,
526 1934 654 2029 iuquit,
680 1958 793 2035 regem
816 1932 986 2017 uelitum,
1014 1930 1159 2009 desuudli
1184 1939 1387 2033 imperatoris
1398 1936 1543 2007 Romam
1556 1940 1637 2011 ami·

303 2058 382 2107 curn
408 2053 504 2133 atque
530 2056 713 2135 generum,
735 2037 808 2107 eius
831 2032 937 2109 liberis
959 2034 1084 2109 bellum
1111 2032 1255 2118 inferre,
1281 2059 1414 2114 etcum
1436 2032 1530 2110 caussa
1555 2042 1637 2113 iniu-
1688 2122 1691 2129 ¹

303 2133 350 2209 sia
376 2139 487 2207 contri
514 2132 631 2210 foedus
655 2160 818 2235 rumpere.
865 2140 960 2224 Quin
983 2134 1009 2209 si
1036 2156 1128 2209 antea
1153 2141 1320 2237 quippiam
1345 2164 1423 2209 cum
1446 2162 1493 2211 eo
1517 2137 1578 2212 litis
1603 2155 1638 2215 et

306 2232 550 2313 controuersiae
575 2234 748 2320 habuisset,
774 2262 848 2309 eam
873 2264 965 2311 ntruc
991 2236 1118 2312 missum
1144 2234 1271 2320 facere,
1297 2260 1329 2311 et
1353 2234 1469 2311 foedus
1502 2239 1638 2317 inuiola-

303 2337 396 2413 bilius
421 2334 607 2421 custodire,
632 2364 775 2440 ermque
800 2338 904 2412 liberis
930 2345 1019 2424 eius,
1039 2346 1228 2414 amicorum
1253 2336 1417 2437 praesidiis
1443 2340 1552 2413 modo
1577 2366 1638 2437 po·

302 2434 460 2513 tislimum
485 2437 732 2541 indigentibus,
759 2460 872 2515 contra
898 2438 1017 2515 eorum
1040 2442 1171 2526 liosles,
1195 2439 1222 2514 si
1249 2448 1305 2539 qui
1329 2436 1475 2522 fueuut,
1507 2435 1639 2516 societa-
1691 2458 1700 2539 J

299 2558 370 2613 tem
395 2541 556 2615 instituere
582 2540 730 2617 debriisle.
782 2546 909 2615 Verum
937 2542 980 2615 illi
1006 2540 1117 2626 idern,
1142 2542 1235 2642 quod
1261 2541 1393 2625 multis,
1419 2536 1638 2629 usuvenire,

301 2646 358 2741 qui
385 2648 582 2741 potentiores
608 2649 703 2717 vinos
729 2641 861 2745 quidem
889 2643 1003 2726 officiis
1029 2642 1297 2725 demererentur,
1321 2668 1392 2714 non
1410 2662 1477 2714 tam
1490 2640 1638 2740 ipsorum

299 2748 414 2828 aurici,
446 2771 546 2845 quam
571 2750 726 2845 temporis
752 2764 784 2819 et
810 2746 1017 2844 opulentiae:
1043 2746 1095 2820 vbi
1119 2765 1236 2847 ‘autern
1264 2764 1411 2818 mortem
1450 2742 1638 2830 obierunt,

299 2844 400 2921 veluti
426 2872 502 2917 curu
529 2865 637 2919 morte
662 2844 770 2919 solutis
797 2853 955 2919 amicitiae
985 2848 1132 2947 legibus,
1163 2874 1223 2921 eos
1255 2850 1320 2917 iarn
1360 2864 1399 2921 ur
1438 2848 1638 2942 impotentes

300 2964 555 3043 contemnunt,
569 2944 786 3049 facillimeque
813 2946 976 3033 oderunt,
1003 2974 1083 3049 quos
1104 2952 1192 3051 prius
1217 2944 1350 3049 diligere
1363 2942 1555 3022 uidebantur
1565 2998 1608 3040 ‚,.
1729 2943 1754 2956 '⁴

399 3128 530 3205 Deinde
558 3128 599 3205 ad
625 3136 817 3229 petitionem
843 3135 910 3207 hoc
935 3128 1124 3233 responsum
1146 3131 1296 3215 amisit„
1321 3134 1403 3205 Non
1428 3132 1474 3207 esi
1498 3106 1554 3205 bic
1580 3156 1637 3235 pa·

297 3236 377 3307 ttius
403 3260 477 3307 mos
503 3238 683 3315 Romanis,
709 3232 749 3305 ad
775 3230 808 3308 se
836 3231 1062 3336 confugientes
1101 3261 1218 3308 eorum
1251 3233 1394 3308 hoslibns
1425 3231 1554 3307 dedere.
1603 3241 1636 3311 Δ

298 3334 517 3409 Constantino
544 3338 632 3409 enim
661 3362 783 3435 magno
809 3340 967 3413 Romanis
999 3337 1278 3437 imperatoribus,
1314 3333 1517 3437 singularum
1578 3358 1635 3409 en·

296 3441 381 3509 tium
407 3464 562 3542 regesgac
587 3436 740 3511 dominos
767 3438 990 3539 magnitudine
1014 3466 1052 3511 ac
1066 3436 1243 3513 ¹nobilitate
1281 3442 1409 3536 imperii
1443 3357 1634 3513 anteceien·

297 3540 403 3618 tibus,
430 3538 616 3638 complures
646 3564 786 3625 eorum,
812 3538 942 3615 aduersa
968 3538 1100 3615 fortuna
1127 3538 1174 3615 vsi
1209 3561 1241 3613 et
1274 3544 1456 3641 principatu
1494 3542 1629 3625 elesii,

295 3634 454 3739 supplices
480 3636 556 3713 sassi
583 3638 679 3731 suut3
704 3640 755 3713 alii
781 3661 957 3741 rogantes,
981 3641 1076 3717 suum
1101 3638 1157 3713 sibi
1184 3646 1364 3741 recuperari
1390 3646 1625 3741 principatum,
1644 3644 1720 3725 3802

252 3834 254 3837 Ι
296 3738 348 3813 alii
377 3740 464 3815 aliter
489 3738 535 3813 sui
561 3768 671 3815 curun
697 3743 1004 3844 prouidentiamque
1029 3746 1217 3846 flagitantes.
1233 3744 1440 3820 -Similiter
1466 3770 1555 3815 nunc
1580 3744 1627 3814 Si·

297 3836 425 3917 smanus
451 3846 680 3918 Romanorum
707 3844 904 3919 maiestatem
929 3844 961 3919 su
988 3847 1063 3948 plex
1087 3838 1277 3921 imtocauit:
1301 3872 1371 3927 non
1396 3844 1448 3920 ille
1479 3841 1628 3945 quidem,

296 3965 334 4020 vt
359 3950 392 4015 in
418 3944 510 4019 sitttm
536 3972 674 4047 regnum
701 3946 900 4039 reslituatur3
924 3874 987 4021 sed
1006 3972 1042 4024 ut
1067 3974 1085 4016 e
1115 3974 1220 4047 regno
1252 3946 1476 4046 profligatus,
1498 3952 1533 4016 in
1563 3947 1628 4020 hau

295 4041 411 4121 misera
436 4043 568 4121 fortuna
593 4042 645 4119 sua
670 4048 777 4121 nosira
803 4076 877 4123 esua
901 4056 1197 4149 procurationeque
1220 4039 1389 4121 recreetur.
1442 4043 1630 4121 Alexander

297 4173 403 4249 porro
428 4176 487 4221 rex
516 4150 641 4235 vesler,
665 4170 801 4249 propter
827 4152 953 4225 obitum
975 4154 1204 4251 imperatoris,
1231 4147 1271 4221 de
1283 4152 1516 4225 Romanorum
1530 4148 1627 4219 rebm

236 4303 241 4309 -
297 4252 410 4323 adlrtm
437 4250 644 4337 exislimans,
671 4272 703 4325 et
727 4244 894 4327 neminem
920 4250 1076 4355 adeptos,
1107 4256 1163 4351 qui
1189 4274 1226 4323 ea
1253 4277 1365 4353 regere
1391 4248 1510 4349 possit,
1539 4248 1628 4349 lega·

297 4372 349 4424 tos
376 4354 477 4425 multa
504 4380 580 4427 cum
606 4354 747 4427 libertate
772 4354 954 4429 Sismanum
980 4350 1178 4457 pollulatmu
1205 4351 1315 4438 misit,
1347 4348 1504 4434 censens,
1529 4377 1627 4437 nos,

297 4480 383 4555 quae
409 4454 461 4527 ille
488 4454 582 4541 velit,
607 4460 682 4527 citra
711 4454 976 4531 derrediatiouem
1005 4454 1133 4555 exsbqui
1159 4475 1323 4553 oportere.
1374 4461 1418 4528 At
1444 4458 1534 4528 enim
1556 4452 1629 4525 lon·

295 4559 341 4656 ge
366 4550 590 4631 fallimtnt-.
617 4560 841 4645 Quamobrem
867 4556 892 4631 fi
917 4558 979 4639 illis
1005 4558 1098 4631 slulte
1121 4555 1321 4655 requirendis
1351 4550 1589 4655 supersedentes
1614 4611 1627 4655 ,

296 4682 416 4760 pacem
442 4646 573 4743 eblere,
600 4681 631 4733 et
656 4654 771 4731 soedus
799 4688 874 4733 cum
903 4657 1081 4733 demortuo
1107 4662 1305 4756 imperatore
1314 4650 1485 4754 sancitum
1500 4652 1627 4728 conser-

297 4784 376 4834 uare
402 4760 589 4843 volueritis,
614 4788 676 4833 nec
701 4789 761 4839 nos
787 4758 965 4863 quidquam
992 4758 1398 4835 conslitutommvolentes
1410 4760 1628 4833 monebimus.

297 4862 357 4936 Sin
383 4890 442 4937 vos
466 4868 554 4963 prius
580 4858 623 4937 ad
648 4863 769 4939 bellum
793 4866 1033 4969 proruperitis,
1054 4866 1168 4941 Deum
1192 4856 1315 4937 sceleris
1340 4860 1433 4938 veliti
1446 4860 1558 4935 teslem
1572 4856 1630 4930 ad·

1477 4964 1626 5041 hibentes

342 5080 403 5138 38o
428 5065 470 5129 Id.
490 5066 563 5131 ibid.
584 5086 613 5149 p.
638 5082 698 5147 372.

374 5184 513 5263 uma.
541 5156 786 5263 πωλῇ.
884 5184 1114 5284 uuest
1170 5128 1175 5132 ²
