4642 6992
591 1188 597 1197 ’
704 1206 709 1210 ’
816 1243 1126 1322 curvrvn
1300 1346 1305 1358 ‚
1527 1181 1634 1352 us
1738 1289 1742 1298 ,

1167 1417 1176 1442 ¹.
1621 1362 1702 1445 Imp.
1728 1375 1793 1424 an.

846 1477 873 1523 a
900 1455 940 1524 C.
966 1475 1049 1540 1301.
1623 1463 1787 1514 naourco

414 1577 466 1648 Ae
488 1575 635 1674 primum
659 1573 868 1646 Demetrium
896 1601 973 1645 cum
1000 1549 1127 1674 magnis
1152 1573 1270 1673 opbus
1294 1555 1506 1676 conspicuum
1525 1575 1605 1651 luxu
1617 1534 1689 1600 ‘5⁶⁸'

306 1693 342 1750 et
366 1675 502 1750 mollitie
526 1673 568 1748 ad
595 1674 726 1747 Cralem
751 1679 872 1758 mittit,
897 1696 954 1758 vt,
979 1673 1265 1774 quemadmodum
1293 1673 1417 1750 dissum
1444 1679 1512 1762 esl,
1539 1677 1606 1752 suo-

306 1773 412 1850 cellor
437 1782 634 1877 principatus
659 1773 888 1875 designaretur.
937 1781 1025 1849 Eum
1052 1797 1161 1848 autern
1190 1779 1298 1850 Crales
1321 1779 1457 1852 libenter
1470 1807 1548 1853 exce
1573 1788 1605 1855 it.

306 1877 372 1951 Sed
398 1879 478 1955 dura
504 1901 537 1954 et
559 1874 773 1950 immansueta
798 1879 951 1951 locorum
979 1873 1148 1975 asperitas,
1175 1885 1249 1950 totis
1266 1877 1353 1977 quasi
1371 1883 1486 1955 viribus
1500 1810 1606 1981 ipsulm

305 1980 438 2091 abigens
474 2001 570 2081 atque
613 2001 790 2062 auertens,
828 2007 959 2061 manere
994 1980 1058 2052 illic
1099 2001 1132 2057 et
1148 1987 1362 2060 commorari
1403 1979 1518 2054 diutius
1552 2011 1605 2059 ve-

304 2088 376 2154 tuit.
428 2087 576 2180 Recepto
599 2086 706 2180 itaque
730 2084 926 2164 Demetrio,
952 2087 1007 2182 qni
1033 2081 1122 2155 illinc
1147 2109 1218 2154 non
1244 2081 1344 2180 louge
1369 2083 1443 2181 posi
1457 2081 1604 2168 redierat,

300 2203 413 2256 'mater
437 2184 577 2256 oblatam
602 2181 679 2256 inde
705 2177 794 2280 spem
831 2188 952 2256 irritam
985 2210 1024 2254 ac
1058 2179 1200 2256 delusam
1243 2181 1379 2266 videns,
1412 2186 1548 2258 alterum
1585 2215 1604 2259 e

303 2285 536 2386 Longobardia
559 2283 665 2358 filium
690 2280 916 2357 Theodorum
942 2286 1175 2357 Marchionem
1201 2283 1331 2358 accersit
1358 2282 1604 2377 (israsamban
1638 2293 1642 2306 '
1699 2289 1702 2302 '

298 2388 380 2461 barn
407 2383 552 2480 ferebat}
581 2384 766 2484 eodemque
790 2384 896 2457 modo
922 2405 954 2457 et
978 2385 1093 2469 sssum,
1118 2406 1154 2460 ut
1180 2385 1266 2460 Crali
1293 2390 1420 2460 Seruiae
1447 2394 1481 2457 in
1513 2395 1601 2486 prin.
1758 2389 1759 2396 ’

303 2493 450 2587 cipatum
481 2484 691 2567 succederet,
726 2487 794 2558 able
819 2493 891 2560 anie
942 2492 1045 2561 l’orro
1077 2491 1168 2558 huuc
1202 2493 1298 2560 etiam
1329 2487 1438 2560 Crales
1462 2491 1601 2590 benigne

299 2595 443 2688 excepit.
495 2587 558 2664 Sed
584 2616 646 2660 nec
670 2587 765 2660 illum
790 2517 943 2662 lbcorum
968 2585 1115 2687 asperitas
1140 2609 1172 2661 et
1197 2584 1365 2661 insolentia
1384 2589 1600 2688 lougiusmo·

298 2697 366 2764 rari
392 2687 514 2764 ibidem
541 2687 694 2788 permisit.
746 2695 925 2762 Enimuero
950 2687 1016 2788 ipse
1044 2717 1178 2790 quoque
1203 2686 1366 2772 reuersus,
1392 2685 1517 2766 salutata
1531 2719 1598 2768 ma·

298 2815 403 2868 tre-
416 2845 427 2881 ,
441 2799 476 2866 in
501 2787 766 2902 Lougobardiam
779 2790 832 2885 ‚ad
857 2818 997 2872 uxorem
1021 2786 1110 2868 suam
1136 2787 1241 2870 rursus
1266 2787 1298 2871 se
1330 2789 1475 2876 contulit.

894 2985 926 3082 s
953 2997 1005 3076 98-

926 3150 973 3197 .¹
1053 3129 1069 3199 2

403 3231 575 3313 [runcis
602 3226 771 3298 Otomano
797 3149 881 3298 dul}
895 3130 1110 3300 Cehillooneso
1136 3229 1266 3326 potitis,
1295 3245 1326 3299 et
1357 3229 1392 3296 in
1425 3221 1595 3322 Europam
1638 3235 1690 3317 70:

295 3326 552 3428 transgressu,]
578 3319 779 3400 Graecorum
805 3328 1083 3429 Tribalorumque
1108 3332 1194 3434 (qui
1220 3348 1309 3402 mure
1332 3327 1461 3433 bulgari
1486 3321 1597 3398 dicun·

294 3433 381 3501 turi
390 3431 431 3524 l)
457 3457 507 3504 res
532 3428 728 3532 agebantur,
752 3425 1011 3534 ferebanturque.
1500 3439 1504 3454 “
1574 3469 1578 3476 ·

894 3619 924 3719 l·
950 3645 1004 3715 99·

818 3787 846 3834 a.
872 3767 911 3836 C.
937 3765 1071 3855 troas)
1677 3853 1682 3862 Ι

409 3853 544 3950 [rrsrr
572 3861 770 3961 Calliopolin
797 3863 1002 3962 occupandi,
1028 3867 1180 3936 Azatinae
1205 3881 1450 3936 etcaeteronrm
1462 3863 1594 3937 Tusco·
1635 3862 1680 3928 7¹·

292 3977 378 4024 rum
404 3982 493 4054 ope,
517 3957 572 4062 spe
600 3962 737 4049 deieeli,
764 3992 841 4037 cum
868 3963 943 4038 iude
969 3961 1218 4058 discessuseutJ,
1244 3967 1372 4052 Tucci,
1405 3969 1460 4066 qui
1494 3970 1595 4038 comi·

294 4055 452 4133 t²b2⁰tur
474 4069 667 4153 mamam,
690 4064 916 4143 veneruntad
942 4066 1161 4152 Tribalonun
1185 4091 1307 4168 regem.

883 4257 914 4354 §.
940 4279 1007 4332 100.

675 4409 681 4419 '
795 4426 854 4473 .a.
881 4404 920 4473 C.
947 4393 1108 4489 1307.l²l'
1207 4453 1210 4468 .

415 4503 556 4596 [rvucr
584 4523 616 4578 et
641 4505 784 4580 Catalani
811 4536 886 4583 cum
921 4517 956 4582 in
979 4507 1177 4586 Macedonia
1210 4533 1326 4607 parum
1359 4502 1513 4604 prospere
1544 4531 1592 4582 res
1634 4523 1683 4603 72}

294 4599 485 4706 gessissent,
511 4632 578 4705 quo
604 4603 636 4680 se
661 4630 823 4684 verterent
847 4605 1076 4708 nesciebant,]
1101 4639 1178 4684 cum
1202 4603 1235 4682 ¹et
1258 4606 1347 4680 fame
1359 4595 1593 4704 premeientur,

298 4726 337 4779 01
348 4711 517 4788 timerent,
536 4735 578 4780 ne
591 4711 706 4808 populi
721 4705 879 4808 Romanis
891 4712 1123 4787 Macedoniam
1135 4711 1347 4784 incolentibus
1359 4708 1507 4794 finitimi,
1518 4710 1593 4804 llly-

295 4807 767 4892 dissimulabamus
801 4835 833 4890 et
865 4819 903 4890 T
904 4813 1046 4908 helsali,
1079 4813 1197 4916 singuli
1227 4816 1441 4912 irruptionem
1475 4839 1593 4887 eorum

869 4953 899 5024 E
925 4977 944 5025 e
995 4975 1015 5024 2
1256 4963 1260 4972 '
1477 4951 1592 5034 ueriti,

340 5127 396 5187 70.
417 5121 748 5177 ennecoconntnns
775 5134 804 5196 p.
829 5130 856 5186 8.
1013 5119 1063 5197 g)
1088 5115 1188 5174 Annus
1215 5112 1246 5172 su
1270 5115 1403 5190 margine
1420 5113 1589 5196 adscriptus.

285 5278 291 5286 ι
337 5195 382 5274 f)
403 5197 538 5257 Temere
564 5199 642 5264 addit
670 5205 741 5267 baec
763 5203 920 5288 interpres.
1039 5224 1064 5263 2.
1089 5217 1229 5266 Nicaea.
1254 5203 1427 5265 oues..T.
1450 5205 1472 5265 1.
1495 5221 1524 5285 p.
1540 5215 1589 5275 1⁵¹·
1656 5279 1659 5287 J

339 5302 383 5364 7¹·
405 5279 450 5345 ld·
472 5302 501 5366 P·
523 5303 554 5362 9·
648 5366 653 5376 ,
884 5308 892 5320 ·
1013 5222 1059 5370 d)
1082 5290 1184 5350 Annus
1208 5305 1299 5366 marg.
