4642 6992
692 1382 703 1401 „
771 1274 975 1375 osrvr
1000 1274 1096 1349 xv.·
1143 1253 1146 1259 ’
1508 1260 1570 1374 ,43

890 1430 893 1433 -
1232 1434 1235 1439 .
1407 1462 1413 1472 Ι
1576 1377 1657 1466 lmp.
1676 1394 1782 1449 ross.

817 1480 1018 1571 201357,
1578 1480 1626 1531 NB
1649 1468 1720 1537 Par.
1816 1506 1820 1511 -

280 1610 336 1693 fis,
367 1626 438 1684 tuto
464 1612 524 1680 iter
557 1601 731 1705 reliquum„
755 1605 965 1705 aggressurus.
1017 1600 1196 1678 inclinante
1230 1609 1266 1679 in
1293 1601 1461 1707 vesperam
1491 1606 1567 1694 die,

279 1707 500 1815 praedatores,
534 1732 679 1807 quorum
705 1732 823 1805 magna
852 1712 1001 1781 viscum
1026 1731 1098 1777 non
1123 1704 1281 1779 mediocri
1313 1735 1473 1809 pecorum
1508 1713 1569 1783 ho·

280 1821 465 1910 mirumque
490 1805 611 1911 praeda
635 1806 677 1881 ad
703 1806 800 1883 castra
825 1806 1117 1907 bontopbyloruru
1143 1806 1306 1895 tendunt,
1326 1838 1412 1883 cunt
1439 1812 1568 1889 Tribal-

279 1916 312 1991 lis
335 1912 558 2013 depugnatum
585 1904 649 1981 effe
675 1903 859 1986 nescientes.
909 1914 975 2081 (pri
1001 1914 1036 1981 in
1061 1907 1289 1995 missiserant,
1315 1938 1386 1985 non
1407 1908 1469 1985 esse
1482 1908 1566 1999 suos,

279 2013 328 2091 led
340 2011 504 2089 Tribtllos
515 2007 683 2110 suspicati,
708 2009 855 2111 aquibus
866 2037 932 2083 con
947 2010 1039 2084 essim
1053 2007 1296 2097 inuaderentnr,
1346 2019 1478 2087 uoniam
1491 2010 1567 2113 ipsis

279 2142 381 2219 pugne
405 2120 548 2215 impares
575 2110 790 2196 videbantur,
813 2137 883 2185 non
908 2108 1016 2185 solnm
1041 2138 1104 2211 qua
1132 2140 1297 2199 numum,
1322 2040 1487 2189 ledetiam
1501 2143 1564 2215 qua

279 2218 428 2300 audacia,
454 2220 545 2288 cuius
568 2242 611 2287 ex
661 2214 901 2287 raecedentibus
926 2213 1056 2312 proeliis
1081 2212 1279 2289 documenta
1309 2217 1497 2301 exstabant,
1529 2226 1562 2293 vi

277 2317 394 2394 firmina
420 2322 456 2389 in
479 2312 595 2417 fugam
629 2238 661 2386 b
710 2336 878 2397 coenant,
913 2312 1021 2387 adhuc
1053 2310 1144 2387 sociis
1177 2316 1343 2391 interuallo
1374 2316 1563 2419 longiffimo

280 2421 478 2501 distantibus,
503 2424 652 2491 timentes
676 2341 813 2499 bilicem
840 2444 883 2489 ne
906 2412 1067 2489 interclusi
1091 2422 1256 2515 perirent,
1280 2438 1312 2492 et
1336 2422 1565 2521 perangrrllias

279 2520 357 2622 apud
383 2520 552 2619 Philippos
576 2523 711 2619 quisque
732 2516 833 2590 alium
859 2524 1047 2616 praeuenire
1077 2516 1208 2592 transitu
1221 2518 1468 2595 contendebant.
1492 2528 1568 2600 Me·

279 2624 399 2697 ruebant
425 2646 595 2721 namque,
622 2617 650 2691 st
674 2646 744 2692 uox
768 2612 1017 2717 superuenisset,
1040 2612 1305 2719 et'Philippenses
1318 2616 1432 2723 fugam
1447 2650 1565 2704 eorum

278 2719 458 2807 lenfill'ent,
483 2749 526 2795 ne
548 2716 692 2794 faucibus
717 2725 881 2818 occupatis
906 2725 941 2793 in
966 2724 1146 2795 Thraciam
1174 2718 1306 2796 tranfire
1326 2730 1582 2826 nemineutpa·,

173 2827 174 2830 '
277 2846 438 2916 tenentur,
465 2846 498 2896 et
521 2850 643 2922 agmen
667 2818 745 2895 illud
769 2820 1007 2906 Triballicum,
1039 2830 1077 2895 vt
1098 2823 1274 2919 putabant,
1311 2850 1388 2897 cum
1415 2818 1574 2903 caedibus‘

277 2928 397 3000 instaret
422 2921 643 3027 fugientibus,
669 2944 765 3023 atque
789 2928 832 2995 ita
860 2922 951 2997 nullo
976 2921 1215 3023 impedimento
1241 2951 1357 2998 omnes
1382 2924 1425 2999 ad
1458 2956 1563 3010 vnum

207 3043 210 3047 “
278 3032 498 3103 interirent-
511 3029 656 3101 Romani
680 3050 814 3127 qnoque
835 3053 918 3099 cum
940 3026 1077 3119 barbaris
1101 3020 1180 3125 fuga
1203 3026 1447 3127 abripiebantur.

853 3191 887 3290 §.
913 3216 977 3286 275.

278 3306 282 3315 ¹
372 3327 560 3419 Imperator
583 3340 650 3394 tam
676 3322 879 3419 temerariam
904 3315 1021 3421 fugam
1045 3345 1143 3421 aegre
1169 3322 1314 3417 patiens,
1341 3316 1500 3419 quosdam
1514 3344 1563 3393 re·

279 3426 395 3506 tinere,
429 3442 462 3495 et
486 3417 723 3521 insequentibus
747 3420 888 3495 resistere
917 3423 1096 3521 conabatur
1127 3425 1243 3591 (pauci
1276 3424 1365 3495 enim
1397 3420 1560 3509 Triballi,

280 3551 315 3596 ex
338 3528 499 3622 proximis
526 3528 602 3597 vicis
626 3546 879 3606 concurrentes,
912 3524 1123 3598 barbarorum
1164 3526 1344 3621 ugientium
1358 3528 1362 3533 '
1377 3529 1473 3597 teris
1504 3521 1562 3595 ssa·

280 3630 332 3695 tim
359 3625 591 3713 inhaerebant3
624 3652 702 3698 nam
729 3622 925 3724 praefidium
952 3628 1061 3697 Pheris
1095 3644 1128 3697 et
1152 3626 1333 3707 Boichnas',
1367 3550 1447 3724 quid
1481 3628 1561 3696 acci·
1596 3625 1665 3701 232:

279 3721 380 3810 dillet,
408 3722 556 3812 funditus
581 3728 790 3825 ignorabant)
816 3726 897 3800 nihil
921 3745 1030 3799 tamen
1058 3752 1120 3825 pro
1146 3749 1212 3808 en,
1238 3752 1276 3797 ac
1302 3745 1466 3823 parerat,
1492 3723 1560 3799 effi·

280 3829 395 3910 ciebat,
431 3828 584 3900 omnibus
608 3824 649 3900 ad
674 3824 789 3931 fugam
814 3823 918 3903 salutis
948 3823 1038 3901 causa
1071 3828 1208 3900 intentis.
1260 3830 1355 3919 Tum
1389 3822 1563 3901 uccellano

280 3922 341 4027 ipse
365 3948 397 4001 et
424 3923 510 4001 solus
525 3927 683 4013 instantes
707 3934 893 4027 excipiens,
927 3956 983 4002 eos
1016 3930 1167 4010 arcebat,
1198 3953 1241 3999 ne
1262 3924 1459 4028 firgientium
1491 3926 1564 4027 plu·

279 4054 325 4143 sps
349 4035 447 4103 etium
473 4028 666 4104 occiderent.
716 4030 938 4105 Nihilominus
950 4034 1182 4109 Romanorum
1208 4054 1246 4099 ne
1271 4030 1477 4105 barbarorum
1491 4056 1562 4129 per·

279 4130 366 4204 multi
394 4135 435 4201 iu
457 4129 590 4205 uanlitu
619 4127 707 4231 apud
733 4132 899 4231 Philippos
934 4137 1107 4232 perierunt.
1159 4134 1229 4203 Iam
1264 4124 1352 4203 enini
1386 4152 1419 4205 et
1444 4130 1562 4230 Philip·

281 4232 384 4329 penset
409 4260 490 4316 eos,
514 4228 594 4334 fuga
621 4238 775 4333 cognita,
800 4231 905 4307 infesti
930 4234 1143 4333 premebant3
1169 4250 1200 4303 et
1223 4233 1301 4303 hinc
1327 4230 1401 4306 in'de
1424 4234 1561 4305 trucida·

281 4334 358 4407 baut.
409 4340 594 4432 Imperator
616 4330 719 4409 semet
751 4332 805 4409 sua
830 4362 930 4408 manu
960 4332 1083 4408 saluum
1115 4331 1296 4431 praestans,
1330 4329 1397 4433 ipse
1429 4360 1564 4434 quoque

281 4430 380 4507 versus
405 4436 575 4536 Philippos
600 4437 772 4537 pergebat,
810 4443 862 4509 cni
890 4464 966 4509 cum
990 4462 1114 4537 equus,
1147 4434 1264 4507 crebris
1296 4440 1331 4505 in
1355 4435 1483 4509 hollern
1517 4442 1564 4507 in·

282 4532 419 4609 curlibua
453 4558 486 4610 et
510 4536 772 4637 impreffiouibus
805 4532 989 4621 delassatus,
1022 4530 1231 4620 concidisset,
1263 4560 1330 4635 quo
1363 4532 1395 4609 se
1427 4554 1565 4611 verteret
1604 4624 1617 4633 .

281 4632 474 4712 nescientem
496 4634 639 4715 famulus
665 4638 822 4741 quidam,
860 4638 1075 4740 Cypariffiota
1099 4632 1422 4712 nomine—seruauit.
1475 4640 1564 4715 Natu
1623 4695 1625 4709 ,

282 4765 353 4811 cum
379 4736 538 4838 praesenti
563 4745 672 4841 capitis
696 4736 743 4814 sui
771 4742 916 4840 periculo
942 4768 1062 4841 equum
1087 4736 1180 4813 suurn
1207 4744 1395 4838 imperatori
1421 4733 1580 4833 subiecit„

281 4861 412 4940 repente
443 4838 604 4941 liquidem
637 4843 677 4914 ab
708 4838 942 4945 insequentibus
973 4842 1126 4917 Triballis
1156 4838 1432 4940 comprehensus,
1465 4860 1498 4912 et
1523 4836 1565 4913 ad

281 4961 406 5119 tfiesmptps
432 4942 568 5019 vinculis
590 4941 786 5032 mandatus,
809 4966 946 5048 propter
968 4936 1566 5143 religionis‘communionemaeimjfiss

295 5072 300 5081 .
350 5071 369 5117 e
396 5100 408 5137 .-
749 5113 759 5133 l
1017 5116 1022 5123 Ι
1455 5101 1464 5121 .
1491 5066 1563 5133 η.

319 5228 378 5285 232.
402 5210 445 5276 tt.
468 5210 542 5283 ibid,
560 5234 597 5301 p·
620 5226 678 5293 ⁸9¹·

764 5380 767 5386 ,
876 5298 956 5392 Xx
1055 5338 1058 5346 .
