4642 6992
790 1174 1121 1301 cucurum.
1517 1200 1619 1317 'm

1633 1324 1724 1417 'Imm
1767 1336 1826 1387 m.

844 1453 872 1505 a
899 1432 1055 1513 C.1a80.
1363 1507 1371 1517 ,
1637 1422 1780 1566 {xm

300 1557 381 1634 dem
405 1554 531 1633 lirinma
565 1559 743 1647 eeleritate,
775 1556 1084 1662 Constantinopolin
1117 1552 1223 1635 versut
1257 1562 1318 1635 iter
1348 1564 1482 1663 arripuit
1510 1552 1547 1634 bl.
1571 1566 1625 1639 Ac

299 1658 532 1737 Mesembriam
559 1661 692 1763 quidem
718 1656 815 1762 usque
840 1668 928 1764 rogia
951 1688 1077 1763 pompa
1103 1660 1249 1761 luxuque
1280 1656 1423 1759 speciem
1442 1651 1641 1757 'securitatis‘-

300 1764 508 1837 ostentarunt.
533 1789 616 1863 quae
640 1761 800 1837 firnulatio
825 1759 993 1837 necessaria
1018 1782 1110 1845 erat,
1136 1788 1202 1847 ne,
1224 1760 1305 1864 luga
1327 1756 1549 1863 deprebensa,
1582 1758 1624 1837 fi·

299 1862 465 1938 [letentur.
513 1868 708 1949 Caeterum,
735 1865 778 1935 ibi
802 1890 886 1939 naue
912 1858 1109 1946 conscensa,
1133 1867 1216 1935 mari
1239 1868 1433 1957 Byzantium
1464 1860 1622 1938 feruntur.
1695 1925 1699 1933 .

299 1968 464 2065 Exceptus
490 1965 554 2038 illic
578 1971 688 2065 primo
712 1960 864 2037 exsceusu
890 1968 940 2037 ι8.
967 1963 1170 2063 'Archangeli
1205 1966 1375 2039 Michaelis
1401 1963 1431 2029 ²'l
1462 1964 1623 2055 monaste·

297 2071 376 2152 rio,
400 2092 504 2165 prope
530 2086 663 2164 portum
690 2062 776 2149 lito,
804 2070 981 2164 imperator
1007 2066 1131 2169 aliquot
1157 2060 1267 2137 diebus
1291 2062 1482 2139 admistione
1513 2061 1621 2167 errclu·¹

299 2164 363 2251 fit,
387 2172 483 2239 iratus
506 2164 581 2265 ipsu
605 2170 813 2241 vehementer
839 2169 883 2239 ob
907 2163 1044 2267 fugam,
1071 2163 1622 2267 quamiudicabatirttempelliuama

299 2288 475 2369 totumque
501 2266 534 2339 id
560 2266 730 2341 confilium
757 2294 856 2341 vanae
880 2272 1081 2368 ignauaeque
1110 2262 1279 2339 formidini
1309 2264 1531 2351 adscribebat,
1584 2293 1625 2339 ua

298 2364 423 2443 frudlut
447 2366 596 2443 laborum
621 2368 931 2468 expeditionumque
954 2368 1131 2442 multarum
1156 2394 1224 2444 vno
1255 2388 1430 2443 momento
1463 2294 1624 2454 inconlul·

300 2489 351 2543 tae
375 2469 506 2543 leuitatis
537 2473 692 2545 iae‘luram
726 2469 963 2570 irreparabilem
997 2470 1187 2569 querebatur
1220 2462 1349 2545 fadlam.
1399 2474 1486 2543 Dani
1509 2496 1551 2542 ue
1581 2488 1625 2541 ta·
1659 2520 1670 2548 .

298 2596 400 2655 meu,
428 2598 526 2649 cum,
553 2568 643 2669 quod
670 2569 793 2645 facium
820 2568 1123 2671 quomodocunque
1148 2564 1277 2662 fuerat,
1303 2570 1466 2644 infestum
1483 2494 1623 2653 derina·

300 2676 429 2775 quiret,
454 2671 598 2771 permisit
622 2676 659 2743 iis
685 2668 827 2773 iugreffir
853 2676 1014 2779 ciuitatem
1039 2668 1097 2745 fibi
1121 2668 1153 2742 se
1176 2666 1295 2746 sistere

302 2852 307 2859 ’
407 2854 539 2929 Interim
568 2884 757 2930 unaucurt
784 2882 923 2933 vacuum
951 2850 1060 2929 Auno
1089 2850 1168 2953 fuga
1205 2860 1298 2956 regni
1331 2856 1523 2945 thronum,
1550 2879 1617 2927 ma·

299 2984 365 3059 gna
392 2958 603 3057 bulgarorum
630 2958 794 3032 voluntate
842 2958 922 3031 alam
948 2961 1144 3057 occupauit,
1170 2979 1302 3056 unoque
1335 2958 1458 3027 nuncio
1492 2952 1616 3030 auditur

299 3058 347 3131 est
372 3058 539 3155 occupass'e
563 3078 726 3160 regnum,
753 3082 785 3132 et
810 2985 945 3132 blenau
971 3066 1033 3133 ritu
1059 3074 1256 3129 coronatus:
1282 3056 1392 3158 licque
1415 3060 1451 3127 in
1473 3055 1616 3156 plenaet

300 3176 387 3232 certa
414 3159 599 3235 constitutur
629 3156 823 3261 poss'effione
848 3160 1004 3261 bulgarici
1029 3160 1233 3261 principatur

898 3382 933 3482 d.
956 3404 1060 3501 ³50„
1178 3494 1184 3509 ἱ

833 3592 860 3640 a
885 3570 924 3641 C.
951 3582 1038 3651 1280.
1062 3565 1101 3635 k)

405 3724 627 3783 cucullum,
652 3726 751 3800 quem
777 3694 973 3801 sperandum
998 3716 1184 3787 nouerat,
1209 3719 1319 3801 erepta
1345 3696 1405 3798 ipll
1429 3698 1507 3774 vrbe
1530 3700 1697 3802 regia393.

300 3796 465 3874 Teruobo
493 3822 525 3875 et
548 3828 651 3876 uxore
675 3806 808 3901 regina,
835 3809 1042 3903 quieturum,
1069 3806 1238 3877 contradlo
1272 3798 1342 3875 satia
1372 3826 1496 3901 magno
1529 3828 1618 3875 exer-

300 3904 367 3973 citu
394 3904 590 3977 Temobitas
616 3898 843 3987 circumsedit,
877 3934 952 3979 cum
991 3912 1027 3979 iis
1056 3902 1164 3979 adbuc
1201 3908 1284 3977 iutra
1315 3900 1430 3995 vrbem
1466 3906 1618 3975 haerente

299 3998 407 4077 usaue
431 4002 487 4095 ll,
513 4000 578 4103 ipse
602 4006 722 4079 habene
748 4000 858 4113 sequ
889 4010 1126 4109 Tzaſsmpaxim
1152 4003 1391 4105 protollratmir
1417 4000 1530 4076 officio
1561 4000 1619 4088 fibi

297 4098 517 4191 seruientem,
544 4131 643 4205 quem
668 4111 756 4206 priua
780 4110 957 4205 imperator
1011 4128 1090 4181 tunc
1123 4102 1220 4180 Alani
1257 4101 1493 4189 beneuolum,
1526 4102 1619 4177 titulo

298 4200 396 4277 simili
420 4209 646 4281 honorauerat.
698 4211 757 4280 Per
782 4232 854 4279 eam
882 4206 950 4283 obst
976 4214 1086 4283 ionem
1111 4234 1165 4279 ma
1189 4210 1237 4279 nis
1260 4232 1279 4276 a
1305 4205 1454 4279 Laclaana
1479 4200 1619 4279 cladibus

299 4310 397 4403 attriti
422 4310 565 4381 Romani
590 4302 670 4383 suut
720 4310 867 4382 Primum
893 4314 981 4385 enim
1009 4315 1132 4385 circiter
1157 4234 1275 4382 decem
1299 4303 1398 4381 millia
1429 4306 1619 4380 oollroruni

1535 4406 1618 4481 mili·

343 4604 433 4689 lt)-
447 4610 517 4671 iulo
540 4634 589 4681 της
619 4616 838 4687 mobommai
869 4612 936 4686 loo·
985 4611 1051 4690 poll
1072 4630 1098 4676 a.
1113 4624 1249 4691 quartum
1273 4607 1479 4691 patriarchatui
1501 4612 1619 4672 Ioanni·
1656 4620 1663 4629 '

301 4718 360 4773 yar.
678 4696 688 4713 ‘
985 4696 1072 4757 Vccci
1101 4698 1165 4757 adia
1201 4710 1313 4770 erant,
1342 4695 1466 4775 pergit,
1495 4695 1616 4761 Εοόιηι

340 4779 380 4858 t')
406 4784 457 4843 Gr.
485 4802 543 4843 vna
574 4802 648 4844 voce
671 4788 893 4861 onaeparm.
981 4800 1080 4864 porro
1104 4796 1183 4847 antro
1204 4776 1369 4845 Laetam
1391 4780 1445 4839 dre.

314 4876 403 4945 '293·
430 4862 664 4930 euc'uruerucs
691 4872 734 4931 T.
757 4872 778 4931 1.
803 4891 829 4951 p.
855 4888 911 4942 3¹9·
1005 4934 1009 4941 ,
1562 4917 1566 4925 .

343 4952 390 5033 k)
413 4954 601 5025 Pachymerea
626 4974 692 5015 cum
715 4976 743 5040 p.
767 4973 831 5034 307.
853 4952 932 5035 seqq.
1026 4950 1066 5028 l)
1089 4950 1170 5013 Haec
1193 4949 1293 5030 itaque
1312 4948 1371 5023 iia,
1394 4968 1469 5031 quae
1499 4954 1527 5031 ς.
1556 4966 1619 5027 349.

301 5042 384 5125 varia
407 5040 443 5101 de
464 5042 550 5102 rebus
563 5038 661 5104 eccles.
677 5040 833 5119 namll'et,
859 5060 934 5122 quae
983 5052 1156 5116 narrantur,
1179 5032 1390 5119 praemittenda
1413 5034 1489 5123 lunt.
1706 5049 1708 5055 ’

301 5164 741 5244 ammirari.
851 5168 1078 5303 arear
