4642 6992
813 1186 1116 1271 'entv'rm
1509 1203 1807 1385 'mmmm'
1950 1287 1957 1293 ι
2018 1315 2032 1331 ,

797 1417 828 1468 a
853 1396 891 1467 e.
915 1407 1124 1489 raas-1357.
1602 1401 1649 1447 ΝΕ
1663 1387 1774 1473 ,Pal-.-

268 1520 272 1523 ’
298 1510 471 1599 dicebam
518 1503 708 1585 Habitare·
731 1529 842 1587 autem
867 1532 958 1588 extra
982 1538 1122 1608 muros,
1146 1532 1255 1613 neque
1280 1516 1315 1587 in
1337 1512 1452 1592 vrbem
1477 1516 1583 1617 ingre·
1601 1486 1742 1626 ¹3:52³

181 1710 185 1713 Δ
297 1613 328 1693 di
352 1612 499 1695 fluebat.
528 1638 636 1716 neque
665 1609 752 1689 lilios
776 1640 895 1691 eornm
917 1640 995 1691 cum
1019 1614 1172 1690 uxoribus
1205 1616 1399 1713 recipiebam
1430 1610 1486 1689 sed
1519 1644 1583 1721 pro

294 1714 422 1793 aedibru
445 1713 562 1789 stantes
586 1738 735 1817 pugnare
756 1716 906 1803 iubebat,
934 1716 1014 1792 loco
1068 1742 1130 1790 ene
1163 1712 1321 1789 inaccoffo
1356 1740 1389 1789 et
1413 1714 1585 1792 adorienti·

295 1821 351 1895 bus
374 1815 594 1903 difficillimo.
630 1820 684 1891 Sic
707 1822 717 1891 i
742 1822 805 1891 itur
827 1819 880 1893 ille
904 1815 946 1892 ad
973 1743 1178 1892 obfidionem
1206 1814 1433 1917 excipiendam
1447 1814 1479 1892 se
1493 1846 1584 1895 com·

292 1920 432 2022 parabat.
460 1986 464 1989 .
483 1921 615 1994 Rumor
637 1844 835 2020 vagaiensi,
859 1924 1000 1993 inuitam
1023 1924 1060 1991 in
1083 1920 1163 1993 urbe
1185 1924 1338 2003 retineri,
1363 1916 1524 2020 malleque
1535 1926 1582 1995 vi·

292 2018 410 2097 tandae
434 2044 566 2120 pugnae
588 2016 630 2093 ad
657 2022 749 2095 arbee
772 2017 957 2095 Tbess‘aliae
978 2014 1167 2121 profirgere.
1217 2025 1343 2097 Contra
1366 2014 1413 2091 sui
1439 2046 1517 2095 eum
1541 2022 1582 2093 ab

292 2124 355 2199 luc
378 2141 493 2195 mente
517 2116 741 2212 deducebant3
766 2120 883 2223 quod,
906 2119 932 2195 fi
957 2148 995 2194 ea
1021 2122 1098 2197 vrbe
1115 2124 1273 2219 potiretur
1288 2126 1489 2220 imperator,
1514 2140 1585 2195 tota

293 2218 621 2397 quoquefiissribeffi
642 2248 707 2325 pro
731 2242 821 2299 certo
844 2227 1037 2327 potiturum.
1085 2222 1208 2328 Qibus
1234 2217 1439 2325 obsequens,
1470 2219 1587 2300 oblidi·v

295 2350 399 2401 onem
519 2342 576 2399 ult·

403 2566 613 2663 imperatum
642 2560 818 2664 postquam
841 2428 1102 2665 calitazflpidopius
1125 2560 1240 2637 vrbem
1276 2563 1405 2645 mouit,
1440 2562 1588 2661 primum

294 2660 433 2767 quidem
464 2664 605 2749 milites,
638 2670 749 2764 paucis
781 2661 891 2739 lecum
922 2664 1186 2747 remanentibus,
1219 2656 1411 2760 praedatum
1444 2658 1588 2736 dimifit:

292 2761 453 2868 praedam
478 2770 627 2865 opimam
650 2768 796 2839 Romani
819 2768 1008 2867 barbarique
1031 2762 1196 2846 simfliter,
1228 2780 1262 2834 et
1292 2788 1333 2834 ex
1363 2756 1438 2861 iplis
1468 2766 1587 2835 Smuiia

292 2888 326 2941 et
349 2894 392 2941 ex
420 2861 717 2941 circumiacentibus
740 2872 818 2941 vicis
843 2866 1029 2941 retuderunt.
1082 2862 1196 2939 Pollea
1221 2866 1356 2936 vicinius
1380 2859 1587 2947 accedentes,
1734 2864 1739 2867 ’

293 2972 533 3070 oppugnationi
557 2962 590 3043 se
604 2970 831 3069 accingebant.
881 2972 946 3071 Qi
972 2964 1014 3040 de
1039 2967 1157 3039 Seruiis
1181 2982 1272 3039 extra
1297 2961 1460 3062 oppidum
1498 2966 1586 3037 habi·
1626 2980 1699 3061 ¹9⁰5
1766 2978 1771 2985 “

292 3068 470 3155 abania),
494 3066 737 3170 impreffiouem
764 3068 909 3144 hostium
934 3087 1140 3147 metuentes,
1172 3084 1204 3137 et
1228 3062 1379 3137 Triballis
1414 3090 1470 3137 eos
1504 3070 1586 3137 intra

291 3175 436 3246 nmenia'
450 3174 528 3242 'non
566 3168 830 3253 admittentibus,
864 3188 898 3243 et
928 3174 1004 3267 quia
1039 3162 1096 3239 ius
1151 3192 1168 3238 r
1199 3164 1248 3237 ab·
1270 3169 1466 3264 imperatore
1479 3182 1482 3189 ‘'
1497 3161 1587 3239 baud

294 3292 384 3345 erant
409 3269 526 3354 alieni,
553 3294 670 3348 omues
695 3268 851 3345 contensu
875 3276 912 3342 in
936 3277 1003 3343 eins
1025 3288 1086 3367 pot
1132 3286 1218 3343 atem
1242 3256 1274 3337 se
1298 3262 1530 3351 tradiderunt,⁴
1546 3292 1585 3337 ac

291 3372 407 3445 milites
432 3366 574 3469 bospitio
598 3393 800 3472 receperunt.
850 3376 916 3471 Qi
940 3378 975 3443 in
999 3370 1077 3445 vrbe
1104 3386 1216 3457 erant,
1244 3363 1304 3463 ipfi
1330 3392 1464 3467 quoque
1489 3369 1586 3439 vehe·

291 3492 422 3547 menter
445 3471 587 3570 partibus
611 3478 678 3545 eitn
704 3472 938 3547 adhaerebant:
963 3492 1073 3545 tamen
1096 3488 1233 3568 propter
1255 3492 1373 3539 uxores
1399 3487 1432 3540 et
1445 3466 1583 3551 liberos,

291 3579 347 3675 qui
369 3578 409 3647 in
434 3570 548 3644 medio
575 3576 788 3659 tenebantur,
816 3568 990 3647 necess'ario
1015 3568 1167 3645 Triballis
1195 3560 1419 3641 auscultabant.

397 3724 521 3798 Tertio
547 3721 600 3798 die
624 3732 724 3826 parati
756 3753 892 3814 muros,
924 3719 1082 3821 indigenis
1109 3725 1283 3821 praecipue
1317 3718 1528 3795 allicientibus·
1551 3733 1584 3787 et

291 3830 363 3926 capi
390 3827 506 3899 vrbem
534 3822 624 3923 poffe
648 3826 904 3907 affirmantibus,
930 3845 1131 3922 oppugnant.
1182 3821 1246 3895 Sed
1272 3828 1346 3922 quia
1380 3850 1450 3895 non
1482 3814 1584 3892 vnde·
1672 3852 1673 3855 ¹

291 3926 565 4028 cunquelicebat
589 3927 765 4013 inuadere,
790 3930 870 4001 locis
895 3924 1108 4023 utplurimum
1132 3920 1219 4004 druis
1244 3918 1424 4023 culperis,
1450 3920 1584 3995 vbima·

291 4035 381 4104 xime
409 4023 541 4101 dabatur
563 4023 729 4115 ascensm,
754 4028 872 4104 florem
898 4021 1004 4124 ipsum
1028 4020 1271 4123 sagittariorum
1294 4024 1489 4097 conilinaens
1523 4024 1584 4093 im·

290 4149 448 4231 perator,
471 4151 730 4229 propugnatores
756 4128 936 4229 propellere
959 4126 1055 4196 iubet.
1107 4122 1170 4197 Alii
1192 4120 1445 4198 testudinefatta
1458 4117 1583 4193 admu-

291 4257 343 4306 roa
367 4229 497 4313 ruunt,
521 4256 642 4331 eosque
667 4228 886 4331 perfodientes
911 4244 1101 4327 penetrant:
1127 4230 1328 4327 contigitque
1344 4230 1424 4297 intra
1438 4222 1579 4295 domum

291 4329 468 4405 moenibus
492 4332 703 4422 haerentem,
735 4332 922 4405 hominibus
946 4352 1107 4407 vacuam,
1138 4330 1263 4407 veniri,
1296 4351 1355 4425 per
1379 4351 1477 4424 quam
1503 4348 1581 4396 cum

290 4427 385 4507 sein
412 4432 526 4504 vrbem
553 4427 721 4505 immiilu'ri
746 4429 871 4517 ess'ent,
893 4426 1028 4501 domina
1056 4424 1174 4498 domus
1201 4420 1271 4497 casu
1296 4422 1456 4526 ingrell'a,
1490 4428 1585 4523 oppi·
1632 4422 1635 4429 ’

291 4532 442 4631 dtunque
470 4551 600 4632 capnrm
625 4530 814 4617 aduertens,
846 4530 929 4603 elato
962 4528 1105 4627 clamore
1137 4524 1379 4627 propugnantes
1413 4544 1584 4599 conuocat.

192 4715 196 4720 ,
292 4634 340 4708 llli
378 4633 552 4731 extemplo
588 4650 782 4717 acmrru‘m,
815 4628 1041 4729 fodientesque
1077 4627 1185 4699 iaculis
1222 4656 1241 4699 a
1274 4654 1373 4703 muro
1408 4624 1449 4701 de
1473 4625 1584 4699 ellunt.
1737 4699 1742 4709 ,

296 4740 455 4832 &mique
477 4738 515 4806 in
537 4725 608 4831 ipso
633 4732 834 4835 potiss'nnum
858 4726 990 4805 femore
1025 4728 1204 4800 certaminis
1240 4730 1343 4803 imber
1374 4653 1502 4803 effudus
1533 4752 1584 4799 ca·

159 4833 160 4840 '
295 4833 412 4919 deret,
440 4860 556 4911 manus
581 4833 635 4913 illa
658 4862 678 4910 a
700 4861 813 4942 pugna
838 4830 966 4917 dibirit,
991 4850 1086 4931 atque
1108 4828 1257 4906 incallra
1279 4826 1425 4909 recellit:
1449 4825 1599 4932 quando

863 4962 945 5059 Qq
993 4976 1013 5046 a
1482 4949 1580 5033 fimat

331 5148 396 5205 190·
415 5126 460 5209 ta.
483 5125 557 5191 itia
577 5142 642 5208 tat·
962 5152 1007 5205 aa
1030 5151 1210 5209 coremur.

286 5218 294 5233 '
343 5214 397 5337 b)
421 5210 452 5293 ir
476 5216 536 5295 im
561 5242 626 5307 rar
650 5202 721 5314 ἔξω
745 5202 921 5329 latialia,
