4642 6992
526 1376 734 1469 Impptomt.

527 1486 576 1533 mr
599 1471 671 1537 Par.

527 1571 670 1621 toruus

528 1640 657 1713 Cantor.
695 1704 701 1721 x

628 2526 702 2621 196.

666 2992 673 3001 ἱ
738 2904 831 2982 causa
856 2906 946 2983 volui

742 1256 877 1360 ³1⁶2
1194 1236 1611 1345 s'euvrconvu

742 1612 811 1692 ‘1¹¹0
836 1613 893 1662 ¹¹¹0
918 1548 1154 1673 cohoneliasti,
1179 1474 1464 1690 etidncpodllbta
1473 1468 1634 1670 idibem,
1658 1608 1720 1685 per
1744 1606 1801 1657 ora
1825 1583 2030 1689 posterorum

740 1692 893 1767 volitabit
942 1694 1061 1866 Nepue
1086 1716 1166 1766 vero
1189 1711 1223 1765 te
1247 1711 1375 1765 tanturn
1398 1686 1516 1763 herde
1553 1684 1676 1769 causu,
1704 1682 1761 1759 sed
1791 1708 1823 1762 et
1859 1694 2033 1791 coniugem
2132 1692 2140 1711 ⁸

738 1812 830 1868 tuam
854 1798 923 1866 iure
946 1792 999 1866 lau
1025 1796 1094 1867 ibus
1119 1792 1330 1877 celebrarim,
1357 1818 1441 1895 quae
1466 1810 1600 1865 tuorum
1626 1814 1703 1890 erga
1730 1816 1786 1861 me
1800 1790 2033 1869 beneficiorum
2147 1796 2148 1883 l

739 1892 832 1969 causa
854 1900 1025 1996 praecipua
1048 1893 1119 1968 fuit.
1169 1890 1240 1996 ipsa
1266 1899 1355 1967 enine
1382 1890 1556 1979 confilium
1581 1883 1692 1975 dedit,
1718 1886 1785 1991 ipsa
1819 1894 1875 1966 tibi
1906 1892 2034 1995 aliisque

738 1993 1127 2171 procerrbusxpersuafit,
1151 2023 1196 2070 ne
1220 1993 1299 2097 quid
1319 1990 1481 2115 ‘sordidius
1496 1996 1740 2112 committeretis
1754 2020 1877 2111 ,neue
1896 1992 2047 2114 pretium

738 2096 918 2200 ahquodc
953 2101 1141 2198 pedamen,
1166 2093 1220 2173 sed
1245 2116 1341 2197 graus
1367 2092 1518 2197 prorsus,
1543 2115 1576 2169 et
1599 2093 1686 2170 landr
1708 2095 1800 2168 vobis
1825 2093 1967 2171 studium
2001 2122 2034 2169 ιιι

737 2226 795 2273 me
824 2199 966 2274 vestrum
997 2196 1179 2285 ducentes,
1215 2198 1354 2273 benefici
1382 2195 1506 2271 essetis:
1534 2200 1602 2273 hoc
1620 2222 1739 2270 ¹vnum
1773 2201 1809 2289 in
1826 2187 1934 2271 'lucris
1969 2225 2033 2270 rna·
2147 2208 2148 2275 i

639 2366 645 2374 ,
740 2306 837 2376 ximis
862 2298 1075 2401 deputantes,
1101 2300 1179 2373 iusta
1203 2322 1235 2375 et
1260 2299 1397 2373 honesta
1422 2295 1607 2374 consedlari.
1656 2300 1819 2396 Principes
1850 2324 1955 2399 porro
1988 2296 2032 2373 tui
2147 2296 2148 2357 ἰ

737 2428 855 2477 omnes
881 2422 913 2476 et
938 2403 1077 2487 milites,
1103 2428 1174 2500 non
1199 2422 1325 2476 tantum
1351 2405 1425 2503 quia
1451 2422 1485 2475 tu
1511 2408 1554 2475 ire
1578 2396 1699 2489 velles,
1725 2402 1831 2498 itaque
1856 2399 2034 2486 mandaret,

738 2498 795 2577 sed
821 2500 958 2604 sponte,
984 2524 1018 2579 et
1041 2502 1207 2579 voluntate
1231 2504 1329 2577 libera
1354 2506 1589 2577 humanitatem
1617 2497 1861 2601 candoremque
1876 2504 2033 2580 eximium

737 2601 887 2680 aduersus
911 2633 968 2679 me
993 2603 1204 2682 declararunt.
1255 2610 1320 2679 Pro
1347 2606 1462 2706 quibua
1486 2626 1518 2678 et
1543 2598 1610 2702 ipse
1621 2606 1742 2705 gratias·
1756 2598 1885 2689 debeo,
1911 2624 2033 2704 etquo-
2147 2654 2148 2697 ,

738 2733 813 2781 rum
841 2733 932 2779 aures
956 2706 1009 2782 vel
1033 2706 1104 2781 sero
1131 2735 1170 2780 ea
1196 2714 1336 2782 narratio
1368 2710 1526 2807 tetigerit,
1552 2705 1625 2781 illos
1657 2700 1896 2805 praedicabunt.
1947 2702 2033 2879 Qld
2147 2740 2148 2805 j

738 2808 786 2883 est
811 2812 932 2908 igitur,
948 2804 1050 2982 fpuori
1075 2806 1176 2893 dicis,
1201 2835 1279 2893 me,
1304 2828 1355 2882 tot
1377 2812 1573 2881 meritorum
1597 2813 1854 2889 immemorem,
1879 2804 1949 2880 fine
1976 2832 2034 2881 va
2147 2880 2148 2913 ἶ

603 3096 609 3103 ,
734 3006 856 3087 fartis?
879 3015 981 3109 Atqui
1003 3008 1105 3110 longe
1129 3006 1216 3083 foret
1240 3006 1520 3095 absurdillimum,
1541 3010 1653 3111 lingua
1678 3006 1812 3110 quidem
1837 3006 1883 3081 lic
1909 3010 2033 3110 prolixe

700 3141 703 3144 ·
738 3118 855 3217 gratias
881 3138 977 3212 agere
1003 3110 1086 3184 bene
1120 3112 1339 3197 merentibus,
1369 3141 1432 3187 nec
1457 3118 1549 3187 tacita
1574 3112 1656 3188 velle
1682 3110 1800 3184 habere
1826 3114 1964 3197 merita,
1998 3136 2032 3185 re

734 3231 847 3333 autem
873 3218 1038 3388 ippratum
1063 3208 1148 3298 else,
1174 3210 1342 3315 viderique
1371 3213 1429 3289 libi
1455 3219 1600 3287 maxime
1618 3217 1840 3295 contrarium,
1867 3239 1968 3315 quem
1978 3238 2030 3287 ue·
2075 3260 2078 3269 ·

760 3341 803 3389 ue
826 3340 863 3387 rn

736 3338 972 3518 ‘dipitaueraun
997 3432 1152 3515 vnquem'
1169 3414 1222 3487 tali
1248 3422 1360 3489 animo
1384 3414 1476 3491 luiffe
1495 3417 1625 3527 ponstat
1637 3445 1648 3509 3
1671 3411 1727 3489 sed
1753 3412 1786 3489 el
1807 3414 1924 3505 diffidit
1939 3418 2030 3489 huius
2085 3454 2088 3459 ¹
2147 3412 2148 3427 ἶ

678 3562 681 3568 ,
736 3536 771 3591 et
794 3538 964 3590 armorum
989 3514 1125 3589 istorum
1152 3512 1257 3589 causas
1288 3520 1328 3591 ab
1360 3524 1452 3593 initio
1483 3546 1582 3619 vsque
1613 3544 1703 3593 nunc
1732 3512 1793 3619 ipli
1826 3518 2032 3619 praebuistir3

732 3613 769 3693 id
796 3614 888 3720 quod
914 3617 1009 3708 rebus
1033 3616 1255 3691 demonstrare
1280 3618 1490 3693 contendam.
1940 3680 1944 3691 r
2147 3694 2148 3709 p

840 3724 912 3803 „Vt
935 3721 1023 3791 enim
1050 3720 1156 3803 mihi,
1182 3716 1269 3817 apud
1295 3746 1354 3793 vos
1386 3717 1581 3803 diuersanti,
1613 3712 1709 3821 super
1742 3713 1893 3811 societate
1933 3712 2031 3796 visum
2147 3742 2148 3807 ξ

732 3816 780 3893 est
804 3814 923 3892 foedus
945 3814 1089 3902 sancire,
1115 3838 1148 3892 et
1172 3816 1217 3891 fic
1243 3825 1386 3894 inuicem
1403 3819 1769 3896 'commodareconerh
1795 3842 1830 3897 tu
1843 3822 2031 3896 mercedem
2147 3848 2148 3887 1

734 3915 891 3995 societatis
914 3918 1017 3992 multa
1042 3917 1165 4019 oppida
1191 3940 1224 3995 et
1250 3928 1422 4023 regionem
1452 3927 1597 3998 Romani
1633 3926 1829 4021 principatus
1861 3929 2032 4025 propriam
2147 3928 2148 4011 ζ

730 4020 913 4123 posttdabae
948 4073 960 4105 ,
986 4046 1051 4121 ego
1078 4048 1158 4095 vero
1185 4022 1515 4127 negabiedtiffunum
1540 4020 1675 4125 quidem
1693 4020 1854 4097 castellum
1869 4028 1927 4099 tibi
1939 4022 2032 4125 spon·
2147 4026 2148 4093 i

732 4120 875 4207 debam‚
900 4121 1116 4224 volebamque
1142 4118 1205 4197 effe
1229 4131 1414 4223 gramitum.
1463 4130 1545 4199 Non
1572 4130 1662 4198 enim
1688 4127 1778 4201 vobis
1803 4122 1974 4201 dumtaxat
1985 4132 2031 4199 in·
2147 4200 2148 4215 ,

686 4236 691 4246 ’
733 4220 898 4325 dignum,
921 4222 1072 4299 illiberale
1102 4243 1134 4297 et
1154 4221 1353 4323 pudendum
1386 4222 1716 4326 effessummopere,
1749 4252 1820 4300 non
1843 4228 1968 4329 gloriae
1999 4246 2029 4301 et

731 4330 891 4398 amicitiae
973 4330 1039 4410 tia,
1072 4321 1127 4398 sed
1151 4326 1303 4401 mercede
1327 4326 1466 4403 seruire:
1500 4356 1615 4405 verum
1649 4334 1746 4401 etiam
1770 4330 1852 4401 mihi
1877 4334 2031 4404 tam‘im·

730 4422 879 4528 possibile
919 4428 993 4499 adu
1021 4419 1107 4510 effe,
1131 4447 1167 4501 vt
1190 4429 1271 4501 nihil
1297 4437 1426 4531 magis,
1450 4452 1586 4531 propter
1612 4456 1721 4503 meam
1747 4450 1779 4502 et
1805 4457 1948 4518 eorum,
1974 4434 2029 4532 qui

580 4543 589 4554 '
729 4554 788 4602 me
812 4523 1044 4629 sequerentur,
1069 4522 1203 4602 salutem
1229 4533 1401 4607 Romanos
1426 4530 1588 4631 prodere:
1613 4536 1760 4631 quamuis
1784 4530 1830 4606 illi
1854 4538 1961 4607 inme
1983 4560 2029 4606 ar·

729 4654 787 4703 ma
809 4630 961 4730 improbe
987 4624 1186 4703 mouissent:
1211 4630 1476 4734 quandoquidem
1502 4660 1574 4707 non
1598 4632 1669 4707 illos
1695 4629 1844 4741 seruitute
1868 4638 2026 4718 mediare,

728 4726 784 4805 sed
812 4732 852 4805 ab
877 4757 993 4803 eorum
1019 4732 1195 4804 ceruicibus
1219 4734 1335 4807 hossile
1359 4731 1514 4808 seruitutis
1540 4740 1653 4835 iugum
1681 4732 1835 4821 deiicere,
1860 4743 1932 4811 iam
1952 4734 2028 4811 inde

620 4888 627 4893 .
731 4854 752 4904 a
775 4836 937 4933 principio
963 4835 1070 4905 neruis
1096 4834 1248 4909 omnibus
1273 4834 1464 4919 contendo,
1496 4836 1665 4937 ssatirnque
1698 4864 1809 4910 meam
1840 4833 2028 4929 sententiam

645 5342 649 5353 '
766 5342 829 5412 ¹96·
851 5328 894 5403 ld.
915 5334 990 5402 ibid.
1011 5354 1043 5424 p.
1065 5348 1132 5419 784.

701 4938 860 5033 aperui,
895 4953 955 5016 vt,
987 4932 1012 5004 sr
1045 4930 1232 5021 videretur,
1264 4942 1420 5010 amicitiae
1453 4959 1579 5011 tantum
1593 5029 1597 5035 1
1612 4958 1644 5012 et
1675 4940 1809 5013 honoris
1844 4938 2026 5040 ampliffimi

730 5030 824 5110 eausa
848 5059 949 5137 opem
974 5028 1095 5107 serres:
1127 5031 1178 5107 lin
1203 5040 1333 5125 minut,
1368 5066 1424 5113 me
1454 5058 1564 5113 tamen
1594 5028 1675 5113 nihil
1706 5042 1745 5113 ab
1775 5042 1943 5116 honessate
1974 5043 2026 5115 ab·
2147 5118 2148 5121 ,

723 5136 869 5215 nonen
902 5131 1174 5223 commissurum,
1204 5164 1313 5242 neque
1349 5145 1434 5217 ciuet
1452 5159 1561 5217 'tneor
1591 5146 1762 5221 Romanor
1794 5142 2027 5245 proditurum

1906 5349 1911 5361 Ι
1970 5239 2025 5323 sed

973 2928 1049 2983 ete
1072 2906 1355 2994 bellolaceffere,
1380 2930 1447 2983 tarn
1472 2906 1559 2982 male
1582 2904 1834 3011 respondentem
1861 2912 1923 2981 tuis
1941 2910 2032 2981 bene-
2147 2940 2148 3005 ᾗ

922 3340 983 3399 or,
1008 3318 1065 3414 qui
1089 3340 1145 3388 me
1172 3317 1386 3388 vehementer
1410 3310 1639 3400 offenderant,
1666 3334 1698 3387 et
1723 3318 1758 3387 in
1782 3306 1922 3387 miserias
1946 3340 2031 3417 prae·
2147 3338 2148 3411 p
