4642 6992
470 1309 571 1381 ¹!
760 1212 823 1304 326
947 1289 953 1294 ,
1196 1196 1606 1283 SERVICORVM

544 1321 754 1463 ,mm
811 1353 817 1407 ⁵
1248 1428 1281 1479 a.
1310 1408 1349 1480 C·
1375 1418 1580 1496 nra-nn·
1733 1498 1737 1503 ,
1806 1475 1810 1479 ,

757 1530 820 1607 stro
855 1524 888 1650 se
912 1531 1096 1627 recipiens,
1123 1526 1168 1645 rbi
1193 1527 1406 1650 pernodinuit.
1437 1530 1620 1643 Imperator
1637 1538 1789 1694 ¹guoque·
1819 1543 1897 1595 eum
1922 1520 2058 1596 eohort-

758 1638 818 1710 bus
842 1629 902 1707 fine
926 1632 1041 1705 vrbem
1067 1651 1224 1728 repenutt.
1247 1628 1382 1710 Craiee,
1409 1631 1498 1698 Anto
1513 1642 1644 1697 transmr
1673 1648 1718 1714 o,

761 1733 814 1811 sae
836 1734 930 1811 locos
953 1729 1189 1835 depraedatus,
1213 1726 1317 1831 ipsam
1338 1723 1490 1803 obfideoe
1514 1724 1657 1801 instituit.

548 1499 689 1550 manus

464 1588 468 1598 ’
552 1573 678 1641 Cantor.

1743 1619 2059 1702 areomarens-

1344 1894 1374 1993 §·
1402 1914 1471 1987 245·
1588 1927 1594 1938 ·

865 2032 1047 2126 Imperator
1072 2050 1151 2097 cum
1188 2022 1303 2098 diutius
1325 2020 1578 2098 Thessalonicae
1605 2018 1883 2097 commorandum
1913 2026 1986 2097 non
2000 2047 2062 2123 pu·

647 2140 725 2214 206,
756 2145 864 2211 taret,
900 2125 992 2229 quod
1017 2125 1099 2200 nihil
1122 2126 1334 2200 memorabile
1370 2122 1536 2227 agendum
1567 2124 1718 2209 restaret,
1753 2129 1950 2221 Byzantium
1981 2130 2061 2196 naui·

740 2234 928 2331 gatio‘ncm
954 2229 1171 2327 comparabat.
1220 2224 1438 2309 Discessurus,
1463 2230 1630 2301 iuniorem
1644 2232 1891 2327 imperatorem
1906 2229 2061 2300 maiorem

741 2336 796 2406 ‘in
821 2328 962 2404 modum
986 2332 1197 2416 hortabatur,
1222 2356 1271 2403 ne
1291 2328 1378 2403 Crali
1403 2324 1527 2402 fideret
1573 2332 1646 2401 Iam
1679 2334 1768 2401 enim
1802 2322 1907 2403 mrsus
1944 2322 2059 2428 aggres·

650 2424 656 2435 ’
741 2426 853 2514 ‘sum,
878 2432 965 2506 bello
989 2430 1078 2504 ciuili
1104 2436 1275 2506 Romanos
1299 2430 1489 2531 implicare,
1514 2446 1572 2513 vt,
1598 2434 1635 2509 iis
1658 2435 1742 2507 inter
1766 2425 1798 2503 se
1825 2426 2060 2512 dimicantibus,

741 2530 828 2635 ‘ipse
852 2535 945 2608 urbes
975 2531 1034 2607 fibi
1058 2534 1195 2607 babeat:
1221 2552 1253 2607 et
1279 2534 1455 2616 monebat,
1480 2550 1609 2604 caueret
1631 2529 1782 2616 infidias,
1837 2558 1897 2603 uae
1922 2556 1994 2603 non
2017 2556 2061 2603 rer

760 2661 898 2736 parnas,
923 2630 979 2708 sed
1002 2639 1179 2733 imperium
1203 2630 1309 2734 ipsum
1336 2640 1543 2735 attingerent:
1569 2630 1656 2706 vnde
1679 2653 1752 2709 nott
1786 2557 1836 2704 ad
1853 2628 1962 2732 ipsum
1980 2626 2061 2703 'dun-

657 2738 662 2747 '
743 2756 870 2819 taxat,
898 2731 953 2809 sed
978 2733 1020 2807 ad
1042 2735 1123 2808 alios
1147 2762 1281 2837 quoque
1309 2738 1480 2813 Romanos
1511 2732 1669 2807 calamitas
1705 2730 1910 2809 redundaret.
1961 2736 2059 2807 Tatn-

761 2835 819 2911 etfi
845 2841 894 2919 ie,
923 2834 1012 2912 aliud
1039 2862 1141 2935 quam
1165 2862 1216 2910 res
1243 2836 1288 2909 est
1311 2836 1474 2937 loquens,
1509 2854 1541 2909 et
1566 2838 1751 2921 mentiens,
1783 2834 1891 2927 dicat,
1927 2837 2060 2935 impigre

759 2932 793 3012 se
816 2932 924 3037 ipsum
946 2934 1161 3021 adiutumm,
1184 2962 1254 3036 quo
1279 2958 1451 3035 paternum
1477 2940 1654 3035 imperium
1675 2962 1696 3009 a
1721 2957 1851 3037 raptore
1876 2955 2059 3037 recuperet,

749 3040 905 3141 eumque
927 3033 1120 3124 ulciscatur:
1142 3064 1223 3110 eum
1247 3035 1431 3124 dubitetur,
1453 3062 1497 3109 an
1522 3063 1594 3110 non
1617 3033 1725 3112 solum
1749 3044 1785 3111 in
1799 3040 1975 3137 imperium
1998 3064 2061 3111 non

762 3141 985 3225 restituturus,
1019 3138 1111 3241 quod
1144 3158 1255 3213 tamen
1287 3140 1503 3239 polliceatur,
1537 3134 1591 3211 sed
1618 3145 1714 3213 etiam
1739 3144 1822 3214 vitae
1846 3135 1916 3213 eius
1943 3136 2060 3213 infidias

765 3242 974 3317 inſtruemus
1000 3238 1047 3314 stt.
1100 3240 1235 3317 Nullam
1262 3247 1291 3315 ei
1317 3240 1418 3316 fidem
1444 3246 1569 3315 horum
1589 3240 1809 3325 commodet,
1833 3260 1991 3343 certoque
2012 3236 2061 3313 sci·

650 3370 654 3375 ’
767 3364 820 3429 at,
847 3350 960 3417 omnia
982 3345 1066 3417 haec
1087 3338 1258 3416 artificiose
1283 3342 1382 3429 strui,
1407 3364 1443 3419 vt
1457 3346 1576 3441 'potius
1600 3338 1691 3441 ipse,
1716 3340 1811 3443 quod
1833 3342 1998 3443 reliquum
2022 3340 2083 3440 est·

766 3452 918 3545 imperii,
942 3440 1052 3519 secure
1076 3442 1222 3519 deuoret,
1268 3446 1305 3516 Si
1331 3441 1441 3545 spretis
1467 3440 1741 3518 admonitionibus
1767 3443 1855 3519 Craii
1882 3442 2060 3525 crediderit,

684 3559 693 3567 ‘
767 3568 847 3622 tunc
871 3552 1088 3647 cogniturum
1108 3542 1192 3629 ess'e,
1226 3566 1384 3645 quantum
1414 3543 1529 3619 damni
1561 3543 1697 3630 fecerit,
1728 3543 1861 3644 quando
1892 3572 1958 3619 nec
1986 3542 2060 3645 ipfi,

712 3737 715 3740 ,
766 3676 831 3725 nec
854 3649 920 3725 aliis
946 3647 1048 3723 ulium
1074 3642 1220 3729 fmrfium
1244 3674 1284 3720 ea
1300 3652 1461 3749 cognitio·
1484 3643 1594 3724 datura
1619 3644 1711 3721 fit-
1737 3651 1877 3721 Haecet
1887 3641 2060 3747 plumeum
2090 3687 2093 3694 ·

769 3748 1010 3833 admonuiffet,
1037 3746 1266 3823 Andronicum
1291 3744 1432 3829 Asanem
1458 3742 1606 3827 socerum
1631 3776 1711 3826 cum
1734 3754 1863 3827 iuniore
1873 3753 2064 3853 imperatore

764 3851 971 3956 relinquens,
996 3850 1087 3925 dieto
1112 3848 1206 3935 vale,
1231 3843 1334 3927 soluit

1349 4020 1380 4118 §.
1406 4026 1486 4111 246.
1975 4096 1981 4099 ,

873 4140 982 4215 crates
1007 4142 1106 4243 paulo
1132 4144 1208 4245 post
1228 4153 1299 4221 eius
1323 4148 1554 4227 Thess‘aionica
1581 4143 1771 4232 disceffum,
1807 4144 1997 4249 quibusdam
2026 4140 2061 4215 de

754 4238 915 4316 'fadione
939 4239 993 4316 sua
1018 4243 1250 4346 prodentibus,
1277 4248 1428 4327 Edeffam
1454 4258 1562 4351 capit,
1589 4270 1716 4351 captam
1743 4257 1878 4325 euertit:
1905 4277 1982 4323 cum
2003 4247 2062 4345 qui·

756 4344 830 4417 'bus
853 4350 1043 4446 pepigerat,
1068 4370 1104 4423 vt
1126 4357 1241 4448 paratis
1264 4348 1368 4447 scalis,
1394 4353 1522 4455 signum
1551 4350 1592 4426 de
1618 4379 1715 4427 muro
1740 4350 1813 4453 ipfis
1827 4349 2061 4427 sustollentibus,

772 4442 945 4519 accederet.
1001 4452 1097 4547 Tum
1122 4450 1222 4525 iidem
1249 4478 1412 4539 arcentes,
1440 4462 1496 4555 qui
1518 4461 1602 4528 intus
1626 4476 1894 4557 propugnarent,
1927 4448 2062 4526 securitn·

772 4566 838 4619 tem
866 4544 1032 4634 facerent,
1068 4572 1103 4626 vt
1127 4560 1171 4626 ita
1198 4554 1270 4628 vrbs
1294 4554 1417 4630 facilius
1444 4580 1617 4657 caperetur.
1668 4560 1732 4629 Res
1760 4551 1943 4629 secundum
1975 4554 2062 4654 pado
2110 4596 2113 4609 =

772 4655 963 4751 transigitur.
1010 4655 1100 4726 Nam
1126 4683 1203 4728 cum
1229 4660 1262 4729 in
1288 4686 1329 4731 eo
1357 4656 1480 4751 efferat,
1514 4680 1548 4734 vt
1574 4682 1685 4733 muros
1711 4676 1963 4760 oppugnarent,
1993 4678 2061 4753 pro·

760 4748 954 4853 'ditoresque
988 4752 1120 4855 iignum
1153 4754 1230 4829 inde
1263 4756 1443 4853 dedissent,
1475 4760 1585 4835 Crales
1616 4754 1710 4832 scalas
1744 4758 1916 4843 admouit,
1954 4756 2061 4829 militet

770 4856 906 4952 impune
931 4850 1161 4943 ascenderunt,
1187 4858 1357 4963 statimque
1381 4866 1535 4935 irruentes
1560 4868 1675 4935 ita-eos
1689 4859 1854 4937 diruerunt
1870 4869 1966 4956 (non
1982 4861 2061 4931 enim

688 5012 704 5048 Ι.
770 4976 861 5028 erant
887 4954 983 5052 alti),
1008 4979 1044 5032 vt
1067 4964 1158 5058 equis
1183 4966 1314 5059 peruios
1339 4960 1520 5053 redderent.
1570 4960 1929 5065 Lyzicus'praefedius,
1953 4960 2061 5037 vrbem

772 5054 1191 5160 proditam'eonspiciene,
1225 5090 1307 5169 cum
1325 5062 1488 5171 praefidio
1515 5086 1632 5143 contra
1656 5064 1765 5145 vadit:
1798 5060 1851 5141 sed
1876 5040 1977 5139 muris
2002 5066 2063 5131 iam

778 5186 782 5193 ·
1301 5178 1305 5191 '
1334 5181 1349 5233 ε’
1407 5190 1413 5199 ’
1446 5189 1450 5202 ·
1929 5164 2061 5268 ptossm·

814 5268 883 5323 2⁰6.
902 5259 946 5325 ld.
969 5260 1042 5327 ibid.
1065 5282 1095 5347 p.
1119 5281 1188 5346 794.
