4642 6992
505 1324 714 1411 mptum

507 1429 555 1477 nu
584 1412 656 1480 Pal.

396 1519 401 1539 ·
506 1495 649 1565 ronuue

382 1614 386 1621 ⁷
508 1584 681 1670 Cantor..

613 2292 681 2347 202.

657 2361 661 2369 ι

645 2828 654 2839 ,
710 2780 825 2855 pugna
849 2747 994 2835 deserat,
1019 2776 1102 2849 quae
1125 2749 1198 2849 poll
1224 2770 1344 2823 tantam
1370 2740 1549 2844 impensam
1575 2740 1697 2814 tamdiu
1712 2670 1920 2841 possederit,
1934 2772 2012 2849 quo·
2086 2794 2090 2801 .

725 1239 786 1315 ῃ,
1165 1206 1577 1289 survrcorvu

918 1504 922 1510 ,
1217 1438 1245 1487 a
1270 1414 1309 1485 C·
1335 1425 1545 1505 rao-1357·

714 1540 759 1612 ita
782 1528 918 1609 taudem
941 1518 1081 1603 dedecus
1105 1543 1232 1601 tanturn
1269 1517 1494 1609 consciuilset,¹
1522 1518 1602 1593 dum
1633 1513 1838 1594 inimatum
1868 1520 2008 1599 Veneto·

712 1665 791 1714 rum
814 1632 848 1711 se
870 1627 1043 1735 allegisset,
1067 1633 1125 1732 qui
1147 1633 1250 1703 maius
1278 1649 1310 1705 et
1332 1624 1500 1708 illustrius,
1526 1648 1624 1725 quam
1653 1618 1738 1723 ipsi,
1758 1628 1935 1723 imperium
1956 1630 2010 1703 ba.

717 1740 833 1824 beret,
864 1730 1054 1835 respondit,
1089 1738 1155 1806 eius
1180 1751 1272 1805 metu
1297 1726 1449 1805 ardutium
1480 1722 1516 1799 id
1543 1719 1676 1801 fecisset
1707 1742 1740 1799 et
1763 1723 1902 1813 adiecit,
1931 1728 2011 1809 nihil

710 1846 860 1923 mirum,
883 1834 976 1939 quod
990 1830 1034 1908 Το
1057 1837 1125 1908 huc
1148 1829 1343 1907 demifisset:
1379 1834 1501 1903 mirum
1531 1832 1661 1928 magis,
1691 1852 1772 1899 non·
1792 1826 1884 1904 viiito
1916 1850 2010 1932 atque

712 1940 892 2045 despectius
915 1932 1036 2039 aliquid
1060 1932 1182 2011 ausum.
1232 1941 1277 2009 At
1301 1938 1412 2016 enim,
1437 1958 1513 2023 cum
1540 1930 1592 2003 tali
1609 1934 1730 2002 timore
1745 1928 1923 2017 laboraret,
1948 1960 2010 2007 nee

714 2070 792 2119 eum
817 2040 988 2145 propalam
1013 2038 1162 2113 confiteri
1188 2032 1405 2117 erubesceret,
1438 2031 1650 2106 nihilominus
1676 2032 1769 2105 vrbes
1795 2029 1932 2109 reddere
1955 2032 2009 2109 de·

713 2147 889 2220 tretiabat:
911 2140 1132 2244 rogabatque,
1155 2144 1214 2215 vti,
1227 2158 1356 2213 tantum
1377 2131 1493 2209 foedus
1516 2138 1617 2207 iceret
1628 2184 1645 2217 „
1665 2140 1836 2209 contentus
1849 2137 2010 2212 Berrhoer
2107 2208 2110 2215 ,

716 2245 872 2321 duntaxat
895 2265 927 2320 et
950 2238 1067 2321 Edessa
1077 2294 1093 2328 „
1115 2240 1317 2343 oesseflrque,
1335 2255 1371 2315 et
1393 2232 1560 2410 oppidulir.
1580 2234 1674 2319 aliie,
1696 2260 1788 2337 quae
1802 2233 1849 2311 ad
1869 2235 2011 2313 eumde-

714 2344 869 2424 fecill'eut.
916 2350 959 2421 Et
983 2350 1101 2419 iuratus
1126 2344 1330 2426 affirmabat,
1355 2366 1429 2412 non
1451 2340 1574 2414 evrbes
1590 2332 1748 2436 cupidinis
1758 2343 1888 2438 potius,
1915 2366 2026 2441 quam,

715 2448 853 2553 pudoris
879 2476 959 2548 ergo
985 2442 1161 2522 affediaret
1191 2473 1296 2547 quem
1322 2440 1489 2543 pudorem
1511 2466 1584 2513 non
1607 2436 1698 2539 apud
1720 2436 1915 2515 domesticos
1941 2468 2012 2519 mo·

702 2551 783 2637 do,
810 2548 866 2625 sed
892 2553 971 2623 alios
997 2575 1130 2649 quoqne
1155 2550 1349 2647 ubicunque
1364 2539 1516 2637 dynastae.
1536 2538 1598 2613 libi
1618 2545 1771 2627 incutiat,
1796 2540 1822 2615 li
1847 2560 1940 2617 metu
1953 2549 2013 2619 im.

712 2657 870 2755 peratoris
893 2649 977 2724 adeo
1004 2645 1165 2749 perculsus
1198 2646 1410 2743 deietiurque·
1437 2640 1604 2725 videatur,
1638 2660 1674 2715 vt
1702 2660 1752 2713 tot
1784 2642 1907 2742 opida
1943 2644 2010 2720 line

709 2881 851 2957 rumque
875 2848 964 2927 causa
991 2880 1069 2928 cum
1092 2856 1235 2927 exercitu
1260 2872 1313 2929 tot
1326 2847 1462 2923 'laboret
1483 2864 1520 2928 et
1540 2840 1721 2919 discrimina
1744 2840 1919 2957 pertulerit.

1294 3016 1324 3112 ᾗ.
1349 3024 1419 3103 α38ι

816 3141 1075 3217 Obllinationem
1109 3146 1168 3216 viri
1195 3129 1328 3215 cernens
1353 3145 1551 3237 imperator,
1578 3142 1672 3223 „Mei
1700 3137 1835 3241 quidem
1861 3136 2010 3215 candoris

713 3262 868 3331 erate,
894 3249 1022 3346 inquit,
1048 3263 1082 3319 et
1106 3242 1198 3345 quod
1222 3242 1351 3315 nullum
1374 3265 1520 3339 unquam
1548 3246 1644 3314 amici
1670 3240 1819 3317 officium
1845 3268 1935 3317 ame
1959 3238 2011 3316 de·

710 3268 843 3418 liserari
866 3346 971 3446 pallus
995 3343 1079 3429 lim,
1108 3374 1184 3419 sum
1198 3347 1423 3443 praeteritum,
1451 3365 1521 3414 tum
1548 3338 1692 3416 mairime
1718 3339 1864 3445 praesens
1882 3365 1950 3417 tem
1969 3338 2011 3419 'ur

712 3440 837 3521 idoneo
868 3444 1001 3545 possunt
1035 3443 1098 3521 else
1131 3447 1332 3521 testimonio..
1376 3448 1460 3547 Qia
1492 3443 1573 3519 nihil
1606 3444 1662 3517 tibi
1694 3440 1800 3518 facere
1831 3444 1936 3520 allube
1949 3452 2011 3533 cit,

712 3545 805 3647 quod
828 3548 947 3623 iulium
973 3548 1215 3649 honestumque
1239 3544 1300 3629 lit,
1325 3552 1434 3619 venire
1459 3572 1513 3617 me
1539 3542 1581 3617 ad
1605 3572 1694 3619 arma
1717 3549 1904 3645 oportebit,
1932 3544 2017 3622 serat.

711 3654 920 3733 imitantem,
942 3672 1050 3821 puae,
1074 3670 1275 3725 venatorum
1294 3646 1405 3722 iaculis⁴
1428 3650 1595 3747 appetitae·
1614 3668 1726 3747 etper
1744 3644 1843 3721 siluae.
1862 3654 2017 3750 agitatae„

711 3756 864 3853 primum
885 3756 941 3850 qui
964 3777 1024 3825 em
1048 3746 1211 3847 fugiunt,
1239 3756 1279 3822 et
1296 3766 1465 3821 certamen
1496 3774 1578 3821 cum·
1605 3748 1823 3833 homiuibus,
1852 3773 2040 3853 quantum
2152 3784 2153 3833 t

712 3850 848 3936 valent,
873 3848 1044 3925 deuitante
1064 3850 1112 3927 ad'
1131 3849 1353 3927 necessitatem
1372 3868 1488 3923 autern
1509 3848 1686 3935 redatiae,
1708 3848 1853 3949 periculo
1878 3878 1921 3925 ue
1947 3860 2013 3931 iam

739 3956 903 4038 roximae,
928 3948 961 4025 se
987 3972 1215 4039 conuertunt,¹
1235 3972 1294 4045 et,
1319 3949 1405 4024 dum
1424 3954 1530 4024 vitam.
1548 3946 1637 4023 suam
1664 3878 1945 4027 vehementissime
1960 3954 2013 4029 de·

712 3977 877 4137 lendum,
904 4052 965 4153 ipsi
990 4061 1073 4129 vitae
1098 4054 1198 4129 nullo,
1217 4051 1331 4129 modo,
1347 4070 1501 4155 parcunt,
1546 4048 1639 4127 idem
1664 4049 1739 4126 sane
1762 4082 1827 4155 ego
1852 4082 1945 4129 nunc
1968 4052 2013 4130 sa·

712 4157 811 4230 clun,
856 4153 954 4233 Nihil
975 4161 1071 4234 enim
1090 4160 1204 4231 minus,
1222 4154 1422 4256 cupiebam„
1439 4178 1544 4253 quarn,
1563 4154 1654 4227 bello.
1673 4175 1712 4227 te
1730 4153 1900 4257 persequi:
1934 4152 2019 4243 sed,

712 4273 749 4331 vt
773 4282 916 4357 aequum
942 4278 1039 4343 erat,
1063 4264 1214 4333 anticum
1234 4253 1420 4355 etsocium
1439 4256 1587 4344 habere,
1614 4260 1739 4357 tuisque
1771 4262 1893 4331 meritis
1926 4260 2011 4335 vitro

711 4356 795 4430 miln
818 4356 996 4459 praestitis,
1031 4379 1167 4459 quantas
1187 4364 1353 4434 maximae
1370 4350 1519 4459 possem,
1554 4362 1676 4459 gratias,
1702 4356 1839 4435 referre..
1918 4364 2014 4435 uoni-

712 4482 769 4532 am
794 4478 904 4535 tamen
926 4460 1012 4537 nihil
1033 4464 1161 4536 retium
1188 4488 1228 4537 ac.
1250 4462 1399 4565 probum.
1419 4484 1514 4560 agere
1526 4476 1546 4543 ,ζ
1564 4486 1671 4561 neque
1698 4460 1743 4534 ab
1760 4462 1909 4546 vrbibus,
1934 4487 2012 4565 quat

589 4572 594 4577 '
714 4579 829 4633 contra
851 4558 903 4635 fas
924 4582 1103 4663 occupatae.
1121 4566 1264 4649 retines,
1280 4558 1450 4637 discedere·
1467 4556 1657 4646 decreuisli,
1683 4588 1767 4661 opur
1793 4564 1861 4648 eli,
1895 4582 1930 4637 et
1956 4588 2019 4637 me·

534 4754 539 4760 ’
593 4857 596 4861 ¹
712 4788 857 4861 rugum,
877 4762 968 4864 quod
995 4793 1112 4842 eorum
1138 4766 1313 4841 ceruicibus
1333 4762 1477 4841 Triballi
1495 4782 1554 4863 p'er
1579 4761 1667 4839 nefas
1694 4770 1910 4839 iniunxemnt.
1946 4773 2012 4841 Vo-
2054 4798 2060 4811 ’

715 4888 792 4936 rum
817 4891 908 4939 nunc
932 4864 1097 4967 quidem,
1116 4896 1195 4942 cum
1218 4866 1347 4968 insuper
1372 4862 1570 4964 conscriptae
1594 4870 1709 4965 copiae
1721 4864 1875 4941 nondum
1889 4864 2036 4953 adfiut,-
2079 4896 2084 4903 ·

713 4659 876 4761 aggredi,
907 4688 990 4763 quae
1016 4692 1058 4738 ex
1082 4668 1321 4743 Romanorum
1348 4660 1515 4763 republica
1539 4658 1611 4736 fore
1643 4662 1769 4749 sentio,
1803 4684 1835 4737 et
1858 4684 2012 4740 excutere

714 4966 912 5059 Byzantium
934 4988 1106 5055 reuertar,
1123 4970 1357 5069 inshudiusque
1382 4970 1521 5041 hibernis
1547 4966 1707 5042 mensibus
1720 4974 1830 5069 primo
1844 4996 1919 5043 vere
1931 4994 2012 5043 curn

715 5092 814 5169 quam
838 5070 963 5172 ingenti
986 5092 1108 5173 potero
1130 5076 1274 5148 exercitu
1297 5095 1489 5175 magnoque
1511 5091 1664 5169 apparatu
1693 5078 1813 5149 invoa
1838 5072 2012 5149 monebo:

746 5288 823 5376 ¹202.
844 5268 887 5335 Id.
911 5270 984 5336 ibid.
1010 5290 1040 5355 p.
1065 5288 1135 5353 790.
1969 5196 2018 5249 a
