4642 6992
672 1121 676 1127 ’
713 1165 1139 1257 oentenaria
1515 1200 1576 1275 aa

233 1370 237 1376 ¹
275 1404 341 1487 que
366 1380 423 1457 diu
446 1383 531 1457 vana
553 1372 577 1452 l'
585 1360 592 1371 ’
635 1404 714 1455 arm
738 1384 854 1482 Nogea
874 1377 1040 1467 ladiatl'et,
1064 1379 1196 1459 tandem
1208 1380 1424 1467 lachanam,
1439 1387 1573 1470 veteris,

238 1513 340 1586 ‘qua
364 1489 506 1559 Tauron
577 1502 703 1559 ecerat.
736 1509 869 1557 memor
893 1489 1049 1568 iniuriae,
1081 1488 1116 1557 in
1141 1490 1297 1557 conuiuio
1331 1482 1434 1557 occidi
1466 1486 1576 1570 iuffit,

272 1593 422 1675 Ioanne,
459 1610 523 1682 pro
557 1610 599 1655 eo
632 1582 851 1657 intercedente
874 1610 1000 1669 uxore,
1023 1583 1183 1659 incolumi
1209 1580 1346 1659 dimiffo.
1397 1590 1580 1673 Terterea,

270 1684 341 1762 latis
366 1692 432 1767 nm
458 1683 658 1757 confirmato
685 1689 890 1783 principatu,
917 1712 1034 1784 pacem
1070 1710 1148 1759 cum
1181 1692 1377 1786 imperatore
1411 1682 1510 1771 fecit,
1543 1707 1588 1761 et-

271 1793 419 1890 priorem
446 1812 611 1867 uxorem,
638 1812 741 1885 quam
763 1790 850 1884 pacis
873 1785 983 1887 legem
997 1783 1235 1887 proposuerat,
1257 1791 1407 1871 Nicaea,
1430 1790 1483 1861 vbi
1497 1814 1576 1863 cum
1706 1779 1716 1791 ’

272 1889 341 1965 filio
368 1894 404 1961 in
430 1884 575 1959 custodia
598 1882 833 1969 afferuabatur,
857 1890 1002 1986 recepit3
1032 1893 1169 1962 loannes
1195 1914 1276 1961 vero
1309 1892 1342 1959 in
1369 1888 1578 1988 qualemcun-

273 2017 337 2092 que
362 1990 457 2089 regni
482 1983 585 2060 amiffi
610 1984 912 2087 compenlationem
937 1984 1089 2087 despotae
1121 1988 1275 2089 dignitate
1309 1988 1349 2061 ab
1379 1993 1578 2090 imperatore

272 2112 404 2167 ornatus
428 2087 482 2161 est.
534 2091 688 2164 Terterea
713 2115 792 2161 cum
817 2114 877 2188 per
903 2086 1027 2189 aliquot
1051 2116 1154 2174 annos
1178 2086 1356 2191 regnasset,
1377 2095 1495 2192 Nugae
1513 2116 1577 2165 ter·
1667 2082 1670 2093 ¹

274 2199 349 2267 ritus
385 2194 485 2263 minis
515 2182 623 2290 fugit,
656 2210 689 2263 et
719 2192 759 2263 ab
794 2193 991 2288 imperatore
1026 2190 1246 2275 Andronico,
1279 2193 1448 2267 Michaelis
1482 2192 1579 2277 lili0,

273 2312 363 2366 metu
389 2295 593 2367 Tatarorum
619 2288 732 2373 ducis,
757 2316 827 2363 non
863 2287 1034 2375 adrnillus,
1059 2286 1264 2393 ‘aliquamdiu
1300 2297 1384 2364 circa
1416 2291 1578 2367 Adriano·

273 2394 363 2495 polin
388 2390 537 2481 delituit;
564 2395 678 2494 Nugas
703 2412 813 2465 autem
840 2418 1036 2467 snrnrzvu
1065 2398 1100 2467 in
1125 2399 1192 2469 eius
1217 2394 1330 2467 locum
1358 2393 1578 2497 Bulgarorum

272 2521 384 2596 regem
415 2490 596 2591 appellauit.
645 2488 763 2568 Occiso
789 2496 873 2565 cirea
898 2498 1083 2588 a.C.1294
1109 2499 1145 2569 in
1172 2496 1428 2591 proeli0,.cum
1440 2500 1578 2580 Tuctai,

274 2596 335 2669 alio
360 2596 566 2694 Taurorum
593 2598 764 2694 principe,
790 2590 988 2679 commillo,
1011 2598 1134 2696 Noga,
1160 2594 1244 2669 lilius
1269 2602 1334 2669 eiua
1353 2600 1480 2671 Tzacas
1496 2624 1576 2672 cum

274 2696 400 2795 reliquia
429 2699 531 2793 copiis
556 2700 590 2767 in
616 2696 799 2797 Bulgariam
823 2700 955 2795 irrupit,
981 2722 1120 2797 eamque
1142 2695 1218 2781 libi,
1244 2702 1365 2796 quippe
1391 2704 1446 2797 qui
1472 2724 1577 2799 gener

276 2795 348 2873 ellet
378 2798 530 2870 Terteris
563 2801 672 2896 regis,
705 2794 868 2869 vindicare
900 2793 1061 2898 aggrellua
1095 2798 1163 2887 est3
1195 2796 1351 2873 adiundlo
1386 2806 1481 2871 etiam
1513 2796 1578 2881 libi
1668 2856 1672 2863 .

279 2923 659 2980 otaueurrarnuavo,
684 2917 739 2969 tan
762 2925 837 2969 uam
864 2904 974 2995 primo
1000 2925 1111 2973 retum
1139 2900 1340 2997 publicatum
1377 2894 1577 2979 administro.
1647 2888 1655 2915 ’

277 3006 348 3077 Hic
364 2996 564 3101 aliquamdiu
589 3001 721 3072 Tza‘cae
740 2922 913 3071 lortunam
937 2994 1082 3083 lecutus,
1115 2999 1219 3073 valida
1251 3000 1361 3099 pollea
1388 3020 1601 3083 comparata·

277 3098 439 3183 factione,
470 3098 612 3175 eundem
636 3096 739 3173 subito
763 3098 893 3173 adortus
919 3099 1193 3199 comprehendit,
1219 3122 1253 3173 et
1270 3105 1418 3199 primum
1439 3100 1576 3204 quidem

279 3231 378 3305 regno
404 3230 445 3275 ac
469 3185 802 3303 liberatffmdem
827 3205 924 3273 etiam
949 3208 1012 3275 vita
1039 3198 1194 3300 spoliauit.
1278 3229 1337 3275 uae
1370 3201 1450 3279 dum
1475 3230 1578 3307 agun-

281 3324 351 3390 tur,
377 3297 608 3405 Bulgarorum'
624 3302 776 3402 quidam,
798 3302 909 3401 legatia
933 3298 975 3374 ad
1001 3307 1233 3401 imperatorem
1283 3302 1438 3388 ellinatis,
1462 3310 1579 3379 utMi·

282 3404 453 3488 chaelern,
479 3404 682 3479 Conllautiui
705 3408 789 3505 regia
814 3402 945 3487 lilium,
968 3408 1023 3503 qui
1050 3408 1114 3478 ΟΡ.
1136 3425 1215 3477 nanc
1241 3406 1379 3503 agebat,
1411 3404 1590 3490 mitteret,

281 3514 509 3608 iupaternum
533 3532 672 3605 regnum
706 3502 962 3585 restituendum,
995 3526 1162 3607 rogarunt.
1210 3504 1316 3580 Facile
1347 3534 1463 3581 eorum
1498 3533 1581 3579 con-

282 3608 395 3685 cedens
422 3609 570 3707 precihur
593 3612 793 3707 imperator,
827 3606 1027 3681 Michaelem
1054 3611 1323 3691 cumexercitu,
1354 3606 1580 3683 Radolllrlauo

282 3732 312 3787 et
333 3711 398 3785 aliis
424 3708 586 3792 ducibus,
611 3712 646 3779 in
674 3707 854 3809 llrtlgariam
877 3706 1045 3807 ablegauit.
1093 3712 1201 3808 Quam
1227 3708 1369 3809 iugrell'u
1393 3708 1577 3795 Fltirnerer,

282 3816 381 3888 Curni
404 3806 572 3909 despota,
605 3835 809 3901 occurrens,
842 3834 898 3881 eos
932 3809 1060 3909 proelio
1092 3804 1266 3881 commillo
1300 3809 1512 3912 profligauit,
1544 3830 1579 3885 et

281 3913 396 3988 multoe
423 3938 446 3985 e
462 3912 656 4011 proceribus
683 3914 782 3988 Rom
808 3932 919 4010 captor
943 3906 987 3982 ad
1012 3904 1069 3983 Ol'
1083 3910 1335 3984 hentillhlauum
1369 3938 1481 4013 regem
1517 3916 1593 3985 mi·-

282 4012 343 4098 lit,
367 4014 482 4115 quibua
509 4015 564 4084 hic
589 4038 660 4084 non
685 4017 771 4110 prius
788 4000 837 4081 'in
856 4014 990 4110 patriam
1015 3936 1174 4085 redeundi
1197 4007 1378 4085 facultatem
1404 4009 1580 4099 conceffit,

284 4142 378 4217 quam
404 4139 469 4214 pro
495 4117 530 4185 iis
553 4114 723 4187 liberaum
748 4113 787 4185 ab
813 4117 1010 4211 imperatore·
1044 4133 1169 4212 patrem
1202 4108 1294 4187 suum
1322 4116 1496 4197 Terterern
1527 4140 1578 4187 re·

284 4213 416 4316 cepill'et.
470 4216 552 4287 Non
576 4212 631 4287 diu
659 4212 731 4313 poll
759 4222 842 4294 circa
867 4241 893 4289 a.
907 4218 946 4287 C.
961 4238 1041 4306 ¹305·
1066 4210 1391 4313 Olphentillhlauus,
1417 4238 1453 4291 vt
1470 4211 1586 4289 sorori*

283 4314 355 4408 luae
375 4346 394 4391 a
418 4319 548 4391 Serrtiae
572 4313 692 4396 Crale,
717 4321 773 4416 qui
798 4314 911 4397 illam,
946 4312 1043 4390 dudla
1073 4320 1276 4415 imperatoris
1310 4290 1398 4398 filia,
1428 4312 1581 4416 repudia·

284 4440 351 4505 rat,
381 4439 414 4493 et
447 4412 590 4490 secundo
624 4416 769 4490 eiusdem
802 4416 939 4499 inanito,
980 4418 1136 4493 Michaeli
1169 4415 1341 4517 despotae,
1374 4418 1414 4491 ab
1439 4424 1588 4515 impeta-³

287 4540 374 4605 tore,
408 4522 466 4619 qui
494 4547 570 4591 eum
598 4522 631 4590 in
657 4514 837 4591 custodiam
872 4514 1028 4602 dederat,
1062 4518 1158 4591 llam
1190 4514 1393 4593 ulcisceretur
1422 4522 1580 4603 iniurias,

286 4622 321 4693 in
343 4642 459 4697 tertam
485 4624 717 4693 Romanorum
744 4623 878 4717 iturpit,
912 4617 948 4691 ‘et
971 4620 1077 4718 plures
1105 4646 1224 4693 eorum
1249 4622 1341 4693 urbes
1365 4620 1498 4695 Haemo
1529 4622 1579 4695 vi-
1631 4642 1634 4646 ·

288 4728 369 4796 cinae
393 4718 448 4797 vel
471 4726 504 4795 vi
531 4726 635 4820 cepit,
662 4721 713 4795 uel
740 4717 983 4793 conditionibus
1007 4716 1047 4792 ad
1072 4718 1275 4815 deditionem
1310 4721 1457 4819 perpulit.
1508 4725 1589 4793 An·-

186 4822 187 4828 '
289 4820 453 4905 donicus,
478 4826 527 4895 hia
552 4827 697 4895 maxime
722 4821 951 4903 conurrbatus,
976 4822 1178 4897 Michaelem
1201 4820 1304 4895 filium
1329 4846 1411 4893 cum
1434 4824 1590 4895 exerc-ina

292 4948 400 4999 contra
425 4924 578 5023 tulgane
604 4921 698 4996 milit.
725 4929 806 5023 qui,
829 4922 973 4995 hollibuc
997 4922 1123 5022 proelio
1148 4924 1262 5005 vittis,
1292 4944 1409 4997 terram
1434 4950 1550 4996 eorrm
1564 4948 1607 5005 ,t

188 5045 190 5120 ς
292 5024 469 5099 incursione
491 5020 603 5105 faui,
626 5025 688 5096 late
715 5024 853 5103 uallauit.
903 5022 1024 5125 Aliquo
1049 5021 1133 5112 inde,
1151 5018 1257 5123 elapso
1291 5045 1440 5121 tempore
1464 5024 1592 5125 Bulpa..¹

189 5125 191 5202 l
293 5152 406 5204 rorum
427 5150 488 5205 rex
511 5123 752 5205 necetlitudinia-
770 5124 918 5230 nuptialia
942 5154 1021 5206 cum
1045 5124 1496 5229 domorlugussahonorem
1522 5152 1590 5198 er·-

496 5290 505 5304 .
1466 5230 1579 5329 petiit,
