4642 6992
446 1313 527 1397 Imp.
547 1325 652 1373 roura.

449 1417 497 1462 ne
513 1401 626 1466 Eman.

428 1488 517 1576 eat.
555 1530 558 1535 -
587 1522 592 1529 ·

661 1164 726 1301 eit
985 1184 994 1191 ’
1047 1207 1050 1212 ·
1104 1196 1520 1279 snnvrcouvrt

1165 1486 1169 1491 ,
1206 1429 1235 1477 a.
1264 1406 1302 1478 C.
1329 1414 1426 1492 1448.

657 1526 735 1605 dem
758 1544 941 1628 paterentur
967 1518 1147 1597 incolumes
1173 1542 1205 1597 et
1228 1520 1400 1604 inuiolatos
1426 1520 1539 1615 abire3
1566 1542 1682 1593 verum
1708 1514 1734 1591 li
1758 1516 1955 1597 inuenissent

586 1673 592 1686 ¹
658 1637 877 1712 Choniatem,
903 1653 980 1700 eum
1008 1648 1121 1725 capere
1148 1622 1248 1697 etad
1282 1618 1314 1696 se
1348 1622 1507 1696 adducere
1536 1622 1757 1698 iubebantur,
1790 1628 1953 1723 Principes

656 1741 764 1835 itaque
788 1758 823 1803 re
849 1734 928 1802 ionis
954 1724 1013 1799 suis
1040 1725 1191 1809 edicunt,
1218 1752 1459 1827 quemcumque
1484 1728 1676 1797 Pannonem
1702 1722 1788 1795 naili
1823 1721 1959 1809 fuerint,

659 1835 701 1910 ad
727 1760 926 1934 magiiratus
951 1826 1152 1928 perducant,
1178 1846 1213 1900 vt
1239 1824 1389 1913 videant,
1416 1830 1564 1926 quisnam
1597 1822 1644 1899 stt.
1695 1827 1761 1923 Qri
1789 1822 1878 1899 aliter
1911 1821 1960 1898 fc·

585 2028 589 2034 ⁸
659 1941 761 2029 ecrit,
790 1956 821 2008 et
845 1937 924 2006 huic
957 1928 1065 2004 edicto
1092 1956 1164 2004 non
1196 1933 1371 2029 paruerit,¹
1400 1954 1477 2003 euru
1512 1920 1817 2029 ignominioslffima
1848 1948 1960 2003 morte

659 2042 852 2141 periturum.

679 2224 688 2264 ,
761 2165 938 2238 Choniates
956 2160 1084 2261 igitur,
1109 2154 1198 2251 fame
1224 2156 1400 2251 deficiens,
1426 2182 1574 2259 quonam
1598 2152 1630 2231 se
1655 2176 1815 2243 verteret,
1840 2155 1960 2232 nescie-

658 2263 721 2337 bat.
771 2270 871 2338 Venit
896 2267 994 2363 igitur
1021 2268 1054 2334 in
1072 2259 1247 2363 'quendam
1273 2266 1309 2334 T
1310 2260 1500 2356 sybalorum
1527 2259 1649 2335 locum.
1700 2264 1747 2334 Ibi
1775 2278 1853 2338 cum.
1872 2256 1975 2337 vide--

660 2385 711 2437 ret
735 2365 894 2467 quosdam
921 2364 1088 2463 Trybalos
1113 2385 1231 2435 terram
1270 2364 1376 2437 colere
1402 2412 1412 2444 ,
1440 2359 1481 2434 ad
1515 2387 1571 2435 eos
1601 2368 1662 2434 iter
1698 2362 1871 2447 flellebat,
1902 2388 1960 2460 pe

660 2487 730 2538 tens
755 2466 811 2539 fibi
837 2491 957 2561 panem
983 2460 1058 2537 dari.
1109 2469 1155 2537 Vt
1183 2458 1356 2563 conspicati
1380 2458 1453 2535 sunt
1475 2460 1656 2563 agricolae,
1691 2468 1799 2536 virum
1833 2469 1960 2537 Panno·

643 2571 738 2639 'nem
763 2564 889 2651 adeffe,
914 2586 950 2639 et
971 2589 1091 2664 panem
1117 2580 1294 2665 quaerere,
1321 2562 1493 2637 dixerunt:
1528 2570 1596 2654 At,
1629 2587 1652 2636 0
1683 2561 1834 2665 hospes,
1866 2568 1957 2664 panis

660 2664 795 2769 quidem
820 2670 875 2742 tibi
901 2671 936 2739 in
985 2690 1094 2740 rorutu
1120 2666 1188 2757 ell3
1214 2692 1331 2741 verum
1357 2662 1520 2739 neceffitas
1545 2662 1706 2767 postulat,
1732 2687 1767 2740 vt
1790 2685 1822 2739 te
1840 2664 1961 2768 perdta·

663 2796 774 2844 camus
798 2765 841 2841 ad
865 2692 1087 2869 magilratum
1112 2770 1220 2851 vrbis,
1247 2772 1325 2868 qui,
1351 2772 1421 2867 quis
1445 2762 1518 2852 sto,
1556 2769 1704 2842 excutiat.
1739 2770 1829 2841 Nam
1846 2781 1871 2853 ⁴(
1886 2770 1968 2867 opi··

661 2872 752 2965 nor)
778 2874 978 2949 Choniatem,
1002 2889 1169 2970 quaerunt.
1193 2868 1334 2969 reliquos
1359 2874 1548 2953 Pannoues,
1575 2874 1630 2968 qui
1648 2870 1714 2942 huc
1726 2890 1884 2971 pergunt,
1912 2866 1961 2941 di·

663 2975 819 3057 mittunt,
843 2971 970 3046 nullum
996 2998 1117 3048 eorum
1139 2965 1321 3071 respedlum
1353 2990 1492 3069 agentes.
1545 2968 1718 3071 Agricolae
1758 2999 1837 3045 cum
1877 2973 1961 3043 haec

665 3072 830 3153 dicerent,
858 3100 936 3146 eum
961 3072 1049 3147 haud
1073 3072 1298 3163 diruittebant3
1326 3097 1440 3145 verum
1476 3097 1553 3143 eum
1591 3070 1706 3145 fortius
1744 3076 1960 3173 comprehen-

574 3197 581 3205 ·
667 3173 778 3247 dentes
802 3172 969 3258 efficiunt,
994 3196 1029 3249 vt
1054 3171 1262 3249 confiteretur
1287 3170 1425 3256 seniori,
1451 3171 1634 3247 neceffttate
1659 3170 1824 3259 subauus,
1850 3169 1882 3247 sc
1895 3170 1980 3248 effe'

662 3282 821 3351 Ioannem
847 3280 1078 3352 Choniatem,
1110 3274 1386 3373 Pollicebaturque
1411 3300 1530 3374 magna
1556 3270 1624 3347 hos
1639 3276 1771 3351 italitatis
1798 3302 1959 3360 munera,

663 3404 810 3478 opesque
834 3397 867 3450 et
890 3404 986 3476 agros
1010 3374 1042 3451 se
1067 3373 1218 3452 daturum
1246 3376 1392 3458 dicebat,
1418 3370 1443 3446 li
1471 3374 1584 3449 duetus
1610 3302 1726 3467 lasset,
1746 3378 1918 3461 inuiolatus
1944 3426 1957 3461 ,

664 3502 697 3553 et
721 3481 759 3552 ab
785 3478 876 3552 nullo
903 3478 1055 3573 Trybalo
1091 3473 1206 3563 vistis,
1241 3472 1498 3581 Belogradurn.‘
1523 3478 1639 3551 Senior
1680 3478 1815 3579 quidem
1854 3484 1962 3569 virum

667 3585 826 3681 agnouit,
853 3605 995 3681 eumque
1019 3574 1155 3679 suscepit
1179 3576 1416 3653 traducendum
1444 3582 1478 3649 in
1501 3582 1673 3681 regionem
1698 3574 1787 3655 suam
1807 3576 1964 3671 illaesum3

664 3681 812 3756 fratribus
837 3703 944 3756 autem
969 3676 1063 3763 suis,
1077 3687 1223 3782 quisnam
1251 3678 1325 3755 effet
1351 3683 1399 3753 vir
1424 3678 1501 3762 ille,
1523 3678 1699 3765 iudicauit,
1726 3684 1923 3783 praecipiens
1950 3732 1963 3765 ,

666 3811 710 3857 ne
735 3808 902 3885 quoquam
928 3783 1075 3865 abirent,
1099 3803 1154 3865 et,
1181 3786 1250 3883 quis
1276 3786 1326 3857 vir
1350 3780 1402 3855 ille
1428 3778 1526 3865 ellet,
1553 3784 1769 3857 enuntiarent.
1821 3780 1975 3882 Vespere.

667 3881 782 3967 facio,
809 3889 914 3958 virum
941 3881 1146 3957 deduxerunt
1171 3888 1206 3957 iu
1232 3910 1304 3957 eam
1330 3879 1494 3967 domum,
1521 3891 1556 3957 iu
1582 3910 1643 3984 qua
1668 3884 1773 3983 paleas
1793 3890 1964 3959 etlumen·

645 4010 649 4015 ·
669 4006 701 4059 ta
713 3982 930 4076 asstruebant,
958 4006 990 4058 et
1001 3984 1088 4059 dieur
1103 3988 1274 4059 crastinum
1288 3980 1535 4085 exspeclabant,
1560 4004 1595 4061 vt
1610 3988 1830 4073 Chouiatetn,
1857 3988 1965 4061 omni·

670 4087 728 4161 bus
754 4093 928 4187 apparatis,
952 4084 1147 4197 abducerent
1170 4084 1376 4189 Belgradunr.

769 4227 821 4298 Eo
847 4248 955 4300 autem
981 4222 1034 4300 die
1059 4224 1207 4303 diffensro
1244 4248 1359 4303 exorta
1395 4226 1440 4301 est
1470 4226 1552 4303 intel·
1583 4222 1704 4305 fratres.
1725 4292 1729 4301 .
1750 4214 1849 4305 'Hinc
1879 4253 1962 4304 vnut
1984 4286 2003 4291 --
2041 4284 2049 4287 -

665 4318 709 4396 de
734 4348 873 4401 numero
898 4325 1033 4401 fratrum
1061 4350 1275 4415 commotus,-
1298 4329 1452 4404 iudicauit
1477 4334 1560 4406 vrbis
1584 4332 1803 4433 magistratui,
1831 4332 1964 4407 ubinam

666 4422 741 4499 effet
767 4428 951 4502 Choniatec
1004 4428 1157 4507 assumas
1182 4436 1288 4533 itaque
1315 4434 1484 4517 ministris,
1512 4436 1688 4536 pergebant
1711 4430 1763 4507 ad·
1786 4430 1924 4507 domum
1950 4482 1963 4517 ,

666 4530 702 4597 in
727 4550 881 4626 qua-erat
910 4535 1108 4619 choniates,
1134 4534 1258 4608 latitans
1285 4537 1319 4605 iu
1344 4534 1508 4633 palearum
1544 4536 1785 4637 receptaculis,
1821 4558 1964 4634 eumque

669 4634 830 4726 capientes
854 4628 1120 4708 abduxerunt‘ad
1145 4638 1228 4710 vrbis
1254 4660 1307 4709 ura
1333 4636 1483 4710 istratum.
1534 4638 1740 4739 Magistratus
1758 4658 1868 4711 autem
1884 4658 1965 4711 eum

664 4733 812 4804 vireium
840 4731 957 4807 deduci
984 4740 1107 4811 curauit
1133 4735 1175 4810 ad
1198 4664 1404 4837 praesulem,
1428 4735 1708 4841 significauitque,
1736 4766 1812 4813 eum
1826 4736 1888 4814 else
1907 4735 2003 4829 des!

665 4830 861 4929 prehensum
886 4837 1061 4909 latitantem
1087 4840 1122 4909 iu
1145 4835 1258 4911 foeno.
1310 4834 1458 4923 Praesta,
1484 4867 1561 4914 cum
1586 4839 1743 4916 adductus
1768 4837 1844 4915 ellet
1869 4842 1963 4930 Cho·

582 4968 592 4980 =
665 4938 786 5019 trieres,
814 4940 950 5009 eumin
978 4963 1139 5011 carcerem
1166 4940 1353 5013 coniecium
1378 4928 1418 5013 ad
1445 4960 1572 5044 tempus
1598 4939 1730 5043 aliquod
1754 4948 1789 5017 in
1812 4930 1975 5015 amede-⁸

668 5039 770 5111 tinuit.
822 5046 865 5111 At
889 5042 1066 5112 Choniates
1091 5036 1244 5139 persuasit
1267 5044 1405 5142 principi
1432 5048 1511 5115 arcis
1536 5064 1568 5119 et
1579 5042 1784 5130 custodibus,
1808 5056 1844 5119 vt
1864 5039 1963 5117 fimul

669 5162 746 5209 eum
770 5133 842 5237 ipso
869 5136 1033 5241 infiugant
1055 5141 1213 5218 hostiliter
1239 5164 1351 5219 contra
1378 5142 1584 5247 praefideru,
1610 5166 1643 5223 et
1660 5148 1773 5225 vrbem
1789 5161 1963 5245 occupent

1870 5250 1963 5321 Cum
