4642 6992
667 1238 733 1317 392
960 1296 977 1317 ,
1037 1196 1621 1329 cuunuarrcou'vtt·

1154 1442 1185 1493 a.
1217 1421 1259 1495 C.
1284 1422 1466 1511 oro-atr.

678 1740 706 1759 ‘
780 1730 843 1804 l’er
866 1722 990 1827 aliquot
1013 1750 1094 1804 vero
1119 1750 1224 1803 annot
1249 1730 1349 1800 etiam
1372 1722 1570 1819 Dalmatiam
1604 1719 1784 1798 incolentes
1816 1722 1977 1801 chrobati

674 1828 804 1905 Francis
830 1824 1095 1915 subiciebantur,
1130 1824 1415 1933 quemadmodum
1450 1848 1482 1902 et
1504 1848 1620 1911 antea,
1655 1822 1736 1897 dum
1769 1827 1805 1897 in
1828 1825 1978 1929 ipsorum

673 1950 758 2007 terra
785 1931 976 2034 degerent‘
1001 1934 1121 2008 Tanta.
1138 1953 1249 2006 autem
1277 1937 1311 2003 in
1335 1956 1393 2004 eos
1428 1927 1615 2003 erudelitate
1640 1926 1810 2003 utebantur
1835 1933 1976 2015 Frmci.

673 2030 826 2108 lactentes
852 2034 962 2108 adhuc
989 2060 1108 2109 eorum
1133 2060 1253 2134 pueros
1278 2032 1463 2107 occidentes
1488 2032 1618 2104 canibus
1643 2030 1830 2106 obiicerent
1882 2036 1980 2134 Qae

675 2160 728 2208 rec
755 2162 833 2208 cum
859 2134 1064 2211 intolerabdis
1088 2137 1262 2211 Chrobatis
1286 2131 1388 2219 effer,
1413 2129 1503 2207 fatto
1516 2129 1667 2215 diffido,
1690 2134 1869 2233 principes,
1893 2156 1978 2234 quoe

557 2230 567 2243 ’
677 2262 720 2309 ex
745 2234 820 2336 iplie
843 2238 1024 2320 habebant,
1050 2242 1306 2319 interemerunt,
1341 2234 1428 2310 vnde
1453 2262 1592 2335 magnus
1616 2252 1730 2307 contra
1761 2259 1818 2309 eos
1855 2238 1980 2309 exerci-

678 2356 731 2409 me
759 2342 868 2410 mouit
889 2365 910 2412 e
935 2343 1091 2424 francia,
1126 2360 1158 2413 et
1183 2338 1255 2437 poll
1279 2331 1402 2437 septem
1434 2361 1600 2411 annorum
1633 2332 1753 2409 bellum
1785 2362 1881 2438 aegre
1910 2354 1980 2409 tan-

680 2434 761 2510 dem
786 2434 1065 2537 superioreofadii
1090 2442 1272 2521 chroma,
1305 2464 1422 2514 omnen
1453 2442 1619 2519 Francos,
1654 2460 1837 2538 eorumque
1852 2440 1981 2617 priuci-

678 2559 761 2643 pem
786 2539 934 2616 Cotzdin
957 2566 978 2615 e
1002 2540 1116 2619 medio
1142 2537 1335 2663 sustulerunt
1352 2540 1395 2616 ll.
1447 2544 1491 2617 Et
1516 2536 1636 2617 exinde
1661 2534 1751 2613 liberi
1782 2566 1821 2615 ac
1866 2543 1899 2614 ui
1930 2542 1982 2658 iu·

695 2712 700 2721 .
1584 2680 1591 2691 ·
1934 2664 1981 2715 nr

682 2828 856 2912 tendendo,
876 2832 1044 2898 Pannoniae
1062 2835 1094 2897 in
1113 2832 1258 2899 Dalmatia
1268 2834 1313 2897 in·
1361 2845 1433 2917 pror
1455 2828 1551 2897 tradit.
1598 2828 1653 2895 Sed
1677 2829 1757 2895 licuti
1779 2832 1982 2907 Auareanme

685 2914 830 2995 eluserit,
865 2934 900 2982 vt
930 2922 1042 2983 dimum
1068 2924 1117 2988 eii.
1145 2922 1230 2986 ‘ldeo
1264 2922 1313 2984 hic
1361 2920 1523 2990 Pannoniae
1546 2916 1700 2981 incoluille
1715 2919 1845 2995 constan
1868 2917 1982 2983 iusta·
2021 2926 2028 2933 “

681 3002 834 3075 Illyricum
867 3024 926 3089 pro
956 3004 1129 3084 Dalmatia3
1161 3010 1313 3071 Pannonia
1359 3024 1415 3068 noa
1440 3005 1557 3083 Francia
1581 3006 1613 3065 in
1638 3007 1794 3069 Germania
1818 3008 1984 3089 aSeptem-

683 3108 760 3154 vero
790 3110 848 3173 pro
877 3095 1030 3157 Pannonia
1058 3098 1143 3157 Sauia
1173 3094 1312 3157 sumenda
1360 3095 1480 3173 trione,
1503 3094 1534 3153 in
1555 3086 1674 3164 lllyriro
1699 3112 1774 3154 vero
1797 3093 1834 3155 ab
1866 3096 1986 3157 oriente

685 3177 739 3241 elit
783 3198 851 3239 cum
880 3176 1009 3261 reliquae
1038 3184 1203 3245 Pannoniae
1240 3200 1310 3245 tunc
1359 3180 1560 3243 conterminos
1583 3176 1670 3241 soille
1692 3194 1779 3261 patet.
1819 3180 1986 3260 Dequibue

685 3278 719 3326 et
741 3264 866 3345 posteri·
887 3265 1071 3349 temporibus
1093 3266 1311 3351 Auareapoli'e·
1360 3281 1458 3329 autem
1480 3264 1572 3327 Slauia
1595 3265 1665 3326 haec
1689 3262 1817 3344 intelligi
1840 3266 1986 3347 debeant,

687 3349 977 3435 derina-nmrque
999 3357 1125 3418 Croatoe
1154 3377 1172 3418 e
1197 3353 1312 3417 Dalma-
1361 3372 1399 3415 an
1416 3352 1452 3415 de
1463 3348 1754 3436 septemtrionalibus
1768 3351 1814 3414 vel
1826 3352 1863 3415 dc
1874 3358 1985 3417 Orien.

687 3438 733 3502 tie
754 3438 922 3503 recedentes
945 3460 1133 3525 campartem
1146 3445 1313 3504 Pannoniae
1361 3436 1487 3518 talibus,
1509 3440 1728 3523 incompertum
1750 3440 1799 3506 eu.
1843 3440 1990 3505 Similiter

687 3524 866 3609 occupalie,
895 3547 972 3609 quae
1007 3527 1082 3590 olim
1113 3532 1227 3606 Sunia,
1255 3530 1314 3590 siue
1363 3546 1420 3603 ea,
1445 3546 1520 3608 quae
1542 3525 1621 3589 idem
1644 3528 1749 3590 audior
1770 3524 1878 3603 tradit,
1901 3532 1985 3591 Lon.

687 3612 866 3677 Interamnia
890 3614 1064 3693 dicebamr,
1084 3616 1162 3679 inter
1193 3617 1315 3677 flumina
1365 3613 1513 3693 gebardo·
1538 3612 1574 3673 ad
1597 3608 1734 3677 solatium
1764 3614 1924 3691 [tagoberti
1955 3634 1990 3693 9.

688 3694 798 3763 scilicet
828 3704 902 3763 Saua
931 3717 961 3763 et
992 3704 1119 3778 Draua,
1145 3722 1315 3784 nomenque
1364 3702 1428 3761 eiua
1452 3719 1531 3761 anno
1553 3697 1699 3761 hostiliter
1728 3704 1759 3764 in
1784 3698 1887 3761 Slauoa
1917 3722 1988 3787 per.

691 3785 810 3862 regioni
830 3807 848 3846 a
873 3782 1004 3865 generali
1025 3786 1314 3850 nomineSlauorum
1364 3782 1490 3861 rexiss'e,
1515 3799 1544 3847 et
1567 3787 1723 3848 vitiorium
1747 3784 1922 3867 obtinuille,
1946 3788 1989 3853 ad

729 3868 866 3933 tticulare
901 3868 1056 3935 Slauoniae
1081 3872 1218 3936 indidiss'e
1248 3896 1314 3936 cen.
1363 3890 1439 3954 quoe
1465 3869 1818 3952 Slauoareferendasmt,
1842 3894 1990 3937 noncon·

688 3890 813 4021 gadum
836 3959 900 4033 est,
924 3960 1006 4038 quod
1030 3959 1122 4023 hodie
1144 3963 1232 4023 etiarn
1256 3958 1312 4024 ser·
1363 3960 1416 4021 liat
1428 3982 1435 4018 ε
1448 3972 1545 4021 tamen
1559 3956 1594 4021 de
1607 3956 1807 4023 Orientalibus
1819 4003 1830 4035 ,
1842 3964 1896 4043 qui
1907 3964 1991 4024 Lon.

689 4058 762 4108 aaut
784 4061 814 4107 et
837 4048 990 4107 communi
1012 4043 1114 4125 lingua
1144 4062 1314 4127 vmntur,‚.
1366 4045 1506 4127 gobardie
1537 4047 1697 4127 proximi,
1733 4044 1993 4133 Foroiulienlique¹

732 4128 775 4202 k)
805 4130 974 4194 Banduriut,
993 4128 1024 4194 in
1060 4132 1261 4197 Animaduerll
1285 4155 1315 4219 p.
1366 4152 1470 4193 eorum
1494 4130 1611 4194 ducatui
1631 4134 1807 4195 contermini
1819 4152 1915 4213 erant,
1940 4140 1990 4197 in.

687 4224 743 4292 89,
759 4236 808 4289 90.
831 4216 1009 4299 adnotate„
1037 4220 1117 4283 Haec
1146 4222 1313 4305 Prophyro.
1365 4216 1459 4296 telligi
1490 4218 1597 4280 debere
1625 4220 1749 4282 videtur.
1780 4222 1834 4302 qui
1863 4224 1992 4287 nornine

584 4380 587 4385 Ι
691 4304 828 4381 genitus,
849 4304 949 4386 inquit
972 4307 1099 4384 Lucius,
1129 4308 1167 4371 de
1197 4310 1313 4371 Croatia
1365 4308 1526 4367 Carnutum
1544 4306 1602 4366 line
1621 4307 1853 4369 Carantanorum
1877 4330 1991 4372 nuncu·

689 4384 793 4464 iugum
833 4392 1015 4454 Francorum
1041 4395 1253 4457 excutientibus
1285 4410 1315 4458 et
1364 4392 1441 4475 pati;
1467 4411 1543 4450 nunc
1556 4408 1652 4454 autern
1676 4396 1706 4453 in
1722 4396 1857 4472 Carnos,
1882 4398 1991 4461 Stirioe

690 4472 867 4557 baptismum
894 4476 1144 4560 suscipientibuo‚
1180 4496 1313 4563 tempore
1361 4496 1391 4541 et
1402 4478 1569 4539 Corinthios
1587 4478 1715 4541 ditmari
1734 4478 1807 4543 suut.
1826 4502 1902 4564 quot
1920 4482 1992 4547 sub·

688 4560 819 4623 einedem
844 4562 964 4625 Heracli
983 4566 1129 4647 senioris,
1151 4562 1256 4651 scripta
1268 4588 1313 4630 re·
1364 4564 1442 4629 ditos
1464 4561 1551 4625 fuill‘e
1567 4568 1746 4628 Francorum
1766 4570 1894 4653 imperio
1915 4572 1993 4636 etin

688 4642 799 4728 liquit3
824 4666 889 4711 enm
909 4670 982 4713 vero
1012 4656 1192 4715 Francorum
1223 4655 1313 4715 histo.
1363 4671 1459 4731 regno
1476 4654 1632 4716 Boioariae
1650 4674 1717 4714 com
1740 4654 1993 4720 rehensotwolf-

688 4736 746 4795 rici
772 4735 808 4794 de
828 4738 947 4799 Croatit
972 4744 1155 4803 mentionem
1181 4761 1243 4801 non
1270 4739 1313 4803 fa·
1362 4758 1474 4819 gangue
1496 4740 1599 4800 latiur
1623 4674 1896 4825 pollalloetradit‚
1919 4746 1990 4828 qui.

689 4822 791 4896 ciant,
814 4818 863 4884 sed
888 4826 1029 4905 quaedam
1054 4846 1166 4892 tantum
1193 4827 1230 4889 de
1253 4825 1312 4889 Sla·
1363 4827 1418 4888 but
1448 4828 1552 4887 Croati
1582 4824 1650 4891 addi
1681 4825 1821 4910 poliunt,
1844 4850 1920 4913 quoa
1949 4850 1991 4898 ex

689 4910 738 4969 ⁸1⁸
761 4906 912 4987 scribant,
939 4930 1075 4995 tempore
1104 4911 1236 4975 Heraclii
1262 4934 1313 4992 ge·
1363 4912 1618 4995 Porphyrogenito
1641 4928 1712 4975 tunc
1742 4918 1858 4979 Francia
1887 4914 1990 4981 subdi.

688 4994 751 5071 sta,
775 4996 1022 5083 ideo.referenda
1045 4998 1120 5063 suno
1161 5001 1313 5077 Dagober·
1363 5015 1411 5063 tot
1434 4996 1521 5061 fuilse
1544 5000 1628 5078 argui
1655 5006 1770 5084 potest3
1794 5000 1992 5089 sedipsonrm

685 5085 853 5147 eum-enim
878 5086 1056 5147 Francorum
1081 5106 1181 5162 regem
1204 5090 1314 5149 Auaree
1364 5088 1468 5163 iugum
1492 5084 1658 5161 unumne,
1676 5104 1713 5161 *et
1736 5088 1909 5173 baptismum
1941 5090 1990 5155 l'n.

648 5182 651 5185 ’
690 5185 725 5233 et
746 5168 857 5247 Slanoe
871 5166 939 5231 suae
963 5174 1072 5236 ditioni
1081 5170 1244 5251 subegill'e,
1269 5196 1314 5239 re·
1364 5168 1481 5257 scepilie
1505 5176 1666 5261 imperante
1688 5174 1795 5240 eodem
1824 5172 1990 5259 Heraclio,

693 5255 749 5343 pai
770 5256 834 5320 ciue
855 5274 935 5371 anno
958 5278 988 5343 Ἰ.
1010 5261 1161 5345 gallorum
1176 5258 1317 5327 tiutleri·
1364 5261 1551 5350 temporibut
1575 5264 1768 5355 eumaem,
1791 5268 1991 5337 comneno!
