4642 6992
748 1217 825 1300 au
1136 1131 1138 1135 ⁵
1218 1168 1612 1283 svuunnr'vu
1759 1280 1762 1285 ,

757 1404 828 1483 duo
851 1400 984 1483 staua.
1013 1430 1153 1484 ternos
1179 1424 1212 1481 et
1238 1432 1362 1488 nens,
1388 1425 1547 1507 gentem,
1574 1405 1619 1479 ob
1644 1400 1794 1489 acerbat,
1816 1405 1924 1509 quletis
1939 1404 2028 1506 n'Rtt}

754 1514 860 1582 manis
887 1509 1114 1607 premebatur,
1138 1510 1324 1583 exadlrones
1348 1512 1413 1579 iam
1439 1503 1507 1580 satis
1539 1534 1650 1581 rerum
1673 1532 1836 1581 nonarum
1870 1508 2027 1607 cupidam,

624 1682 629 1691 ,
701 1602 713 1622 ‘
753 1598 978 1709 superstitione
1003 1615 1037 1681 in
1062 1610 1217 1684 auxilium
1244 1607 1405 1690 adhibita,
1444 1629 1488 1684 vt.
1503 1628 1613 1707 aperte
1652 1605 1828 1693 deficeret,
1860 1610 1946 1708 lncile
1969 1640 2029 1711 per·

752 1710 916 1811 pulemnt.
967 1706 1100 1783 isaacius
1125 1708 1293 1811 Angelus,
1320 1705 1529 1809 expeditione
1560 1704 1723 1809 suscepta,
1752 1702 1868 1807 primo
1885 1738 1950 1794 ‚eos
1980 1717 2029 1785 im-

750 1830 831 1912 petu
858 1808 1038 1910 dillipauit,
1063 1817 1160 1887 Petro
1186 1832 1219 1885 et
1242 1808 1347 1887 lll'ttne
1372 1836 1449 1883 cum
1472 1814 1582 1909 paucis
1607 1808 1649 1883 ad
1677 1812 1814 1905 Scythas
1838 1814 2029 1911 [Comanos]

753 1928 840 1985 nans
867 1913 983 1987 lslrum
1007 1908 1085 2013 fuga
1110 1910 1233 2012 elsplis.
1284 1918 1373 1987 Orm
1399 1938 1477 1987 vero
1513 1918 1710 2012 regionem,
1741 1908 1834 2010 quod
1863 1911 2028 1998 debuerat,

679 2044 684 2053 ·
748 2010 915 2185 praefidiis
929 2040 1109 2133 ‘occupare
1127 2034 1161 2088 et
1184 2014 1263 2087 locis
1286 2010 1410 2089 idoneis
1436 2010 1559 2132 paslelln
1584 2018 1713 2133 munire
1722 2008 1927 2133 neglexisset,
1949 2040 2028 2115 agros

773 2112 938 2289 elmeiii
955 2136 1257 2290 {insidiiis
1268 2108 1831 2290 ,illillllillslfflill
1845 2112 2028 2290 illlis

749 2233 848 2389 ἓξὲξ
867 2242 1043 2415 pdlscum
1069 2321 1307 2392 Comanorum-
1325 2315 1447 2391 atrxiliis
1473 2320 1506 2387 iu
1532 2270 1714 2415 Bulgariam
1746 2311 1912 2401 reuersus,
1941 2319 1974 2387 in
2000 2312 2028 2389 id

753 2421 850 2491 vnice
874 2421 1012 2491 intentus
1037 2414 1122 2503 filit,
1146 2417 1425 2519 vt·ssulgerorum
1450 2415 1559 2502 fines,
1586 2423 1643 2517 qui
1669 2418 1749 2492 olim
1774 2413 1923 2499 snerant,
1943 2443 2027 2517 quam

525 2589 530 2600 ,
621 2528 647 2562 ·’
749 2514 899 2591 letilsnue
929 2516 1098 2619 proferret
1134 2524 1219 2605 ,Hie
1249 2525 1347 2621 igitur
1380 2544 1456 2591 curn
1489 2516 1616 2591 fortiter
1647 2544 1685 2591 ac
1720 2516 1872 2602 strenue,
1899 2520 2028 2593 Rotnani

746 2643 830 2695 vero
856 2616 954 2693 duces
977 2625 1095 2720 ignaue
1121 2646 1170 2718 ac¹
1185 2623 1388 2721 negligenter
1410 2646 1482 2692 rem
1507 2640 1679 2721 gererent;
1705 2623 1744 2691 in
1770 2618 1838 2693 dies
1863 2616 2027 2693 eretritliul·

746 2744 904 2821 garorum
929 2727 1084 2820 potentia
1135 2727 1244 2819 Quam
1270 2750 1348 2795 curn
1372 2717 1503 2795 tandem
1529 2716 1658 2794 isaacius
1691 2720 1838 2821 Angelus
1871 2726 2027 2821 reprimere

748 2840 898 2919 pararet,
924 2842 957 2895 et
980 2825 1048 2897 hoc
1073 2820 1210 2895 consilio
1235 2820 1394 2897 idoneum
1421 2810 1652 2921 conscripsisset
1677 2827 1882 2907 exercitum,
1906 2818 2027 2895 astans

745 2917 812 2996 ,luo
838 2920 956 2998 Alexio
980 2928 1122 3021 imperio
1149 2920 1292 2999 deiedlus
1318 2924 1372 2997 est.
1423 2920 1579 3011 Alexius,
1604 2921 1637 2995 id
1662 2928 1755 2997 vnice
1780 2950 1905 3024 agens,
1927 2944 1959 2997 vt
1979 2918 2027 2994 stbi

744 3026 948 3122 imperium,
974 3022 1065 3125 quod
1099 3047 1302 3124 occuparat,
1340 3024 1578 3107 confirmaret,
1611 3052 1661 3099 res
1690 3024 1872 3125 Bulgaricus
1904 3028 2026 3097 omnino

747 3124 900 3225 neglexit.
947 3130 1037 3200 Hinc
1061 3122 1186 3200 fartum
1212 3126 1282 3208 eil,
1308 3149 1364 3211 vt,
1398 3153 1475 3199 cum
1506 3125 1618 3224 postea
1649 3150 1765 3224 pacem
1803 3127 1955 3227 Bulgaros
1983 3148 2026 3196 ro·

747 3246 860 3327 garet,
886 3222 1045 3326 repulsam
1070 3224 1176 3301 ferret.
1232 3222 1317 3300 Asan
1344 3254 1422 3301 vero
1448 3230 1619 3299 Romanos
1645 3232 1830 3313 exercitus,
1855 3252 1933 3327 quos
1958 3222 2027 3297 ron·

745 3343 804 3427 na·
819 3322 926 3427 ipsum
960 3328 1091 3403 Alexius
1114 3325 1223 3413 milit,
1256 3328 1398 3428 pluribus
1430 3328 1558 3427 proeliis
1590 3328 1785 3429 profligauit.
1840 3333 1930 3403 Haec
1959 3323 2029 3399 dum
2134 3416 2135 3429 ἵ

748 3450 913 3529 aguntur,
938 3427 1073 3531 quidam
1098 3458 1140 3503 ex
1166 3436 1277 3503 amicis
1302 3424 1410 3503 Al'anis
1424 3434 1530 3529 regis,
1556 3433 1698 3502 lutcus
1708 3433 1874 3514 nomine,
1897 3432 1938 3505 ob
1951 3452 2029 3500 com·
2134 3436 2135 3521 f

748 3534 912 3605 mercium
937 3528 1016 3605 cum
1040 3527 1153 3605 sorore
1178 3536 1287 3605 vxoris
1313 3536 1401 3613 eius,
1428 3534 1461 3601 in
1487 3529 1603 3603 odium
1630 3528 1725 3630 ipsius
1749 3522 1904 3605 incurrit·
1942 3534 2028 3603 Cuius
2134 3572 2135 3631 ,

691 3657 697 3666 ¹
745 3637 795 3705 rei
819 3627 911 3703 causa
936 3660 1013 3705 cum
1038 3628 1230 3731 supplicium
1256 3634 1301 3706 ab
1329 3658 1371 3707 eo
1401 3626 1532 3705 sumere
1564 3625 1649 3705 Asan
1681 3630 1798 3725 vellet,
1834 3660 1911 3707 enm
1941 3632 2027 3705 noete

741 3732 937 3831 intempesta
961 3732 1002 3804 ad
1026 3730 1058 3805 se
1083 3737 1192 3805 vocari
1223 3731 1315 3807 iuffit.
1363 3740 1502 3807 luancus
1535 3758 1614 3805 vero
1647 3752 1682 3806 vt
1713 3734 1921 3832 pericnlum,
1948 3726 2027 3833 quod

727 3830 806 3906 ,ubi
831 3838 1005 3909 imminere.
1028 3828 1302 3915 subodorabatur,
1332 3860 1350 3905 a
1376 3838 1480 3933 capite
1504 3829 1574 3907 suo.
1587 3854 1762 3918 exemeret,
1785 3834 1900 3937 gladio
1920 3832 2027 3910 struve

738 3931 789 4007 sle
814 3932 1001 4020 occultato,
1026 3932 1068 4007 ad
1091 3960 1205 4036 regem
1233 3932 1382 4017 aeceffit,
1409 3962 1575 4036 eumque,
1601 3962 1677 4007 curn
1705 3932 1746 4008 ad
1769 3944 1915 4035 primum
1943 3932 2027 4034 ipsrut

742 4029 909 4133 aspedhrm
936 4030 1045 4120 ensem
1081 4056 1267 4136 quaereret,
1299 4064 1326 4108 a.
1360 4040 1399 4110 C.
1436 4062 1518 4130 ¹¹95·
1554 4034 1681 4111 occidit.
1729 4034 1813 4111 Inde
1847 4031 1963 4137 elapsus
1990 4030 2027 4107 ad
2089 4122 2091 4125 Ι

742 4131 891 4225 constius
915 4132 947 4211 se
972 4140 1115 4233 recepit,
1143 4143 1217 4237 qui,
1248 4136 1433 4236 pluribusin
1446 4129 1627 4236 parr‘essuas
1642 4140 1825 4239 pertrsdlis,
1838 4138 2026 4213 Ternobnm

706 4257 709 4261 ’
742 4259 955 4336 occuparunt.
1005 4242 1073 4314 Hic
1099 4265 1176 4311 curn
1201 4243 1316 4322 Petro,
1341 4243 1396 4339 qui
1421 4238 1494 4337 poll
1523 4230 1633 4312 Alanis
1660 4239 1793 4313 caedem
1818 4234 1904 4315 solus
1927 4262 2027 4313 rerum

741 4342 949 4439 potiebatur,
974 4337 1172 4439 aliquamdiu
1196 4338 1373 4422 restitisset,
1403 4358 1435 4412 et
1460 4344 1636 4439 imperator
1660 4341 1804 4425 auxilia,
1840 4366 1922 4443 qnae
1944 4347 2026 4413 luen·

741 4466 800 4515 eus
825 4436 929 4539 ipsunt
955 4461 1146 4541 rogauerat,
1173 4446 1301 4513 mittere
1327 4444 1552 4530 cundlaren1r3
1579 4434 1748 4540 desperatis
1762 4443 1857 4517 nebris
1872 4440 2025 4517 Ternobo

738 4541 828 4620 alam
852 4538 1036 4641 profirgtu,
1060 4550 1292 4641 imperatorem
1318 4540 1415 4626 adiit,
1451 4546 1503 4615 cui
1527 4541 1636 4641 pollen
1661 4570 1722 4644 per
1745 4542 1879 4644 aliquod
1909 4562 2026 4641 tempus

739 4665 854 4716 contre
878 4642 1050 4743 populares
1074 4638 1148 4742 suos
1178 4643 1339 4717 llrenuam
1371 4648 1500 4717 narrauit
1535 4648 1681 4743 operam.
1734 4649 1820 4719 Petri
1853 4668 1932 4721 vero
1961 4664 2026 4717 noa

738 4741 929 4818 diuturnum
954 4741 1017 4816 suit
1040 4747 1239 4846 imperium,
1266 4749 1387 4845 quippe
1435 4750 1467 4817 ni
1493 4744 1595 4840 breui
1633 4748 1682 4819 oll
1708 4741 1872 4820 asnorum
1888 4742 2024 4847 quodem

734 4841 903 4925 eonfotsus
928 4846 1046 4917 interiit
1108 4842 1197 4921 Huic
1223 4852 1278 4946 qui
1303 4772 1447 4918 succelllt
1469 4850 1577 4918 tertius
1604 4772 1741 4922 sanum
1757 4872 1945 4931 tonsurans,
1970 4852 2025 4921 rir-

636 4956 651 4969 ‘
738 4950 808 5020 tute
834 4951 950 5043 pariter
974 4972 1013 5016 ec
1036 4941 1169 5033 somma
1193 4946 1272 5022 nulli
1297 4974 1411 5046 regum
1439 4945 1655 5046 Bulgarorum
1679 4944 1860 5033 secundus,
1885 4974 1955 5023 non
1971 4950 2023 5016 mi·
2050 4944 2057 4957 '

695 5125 701 5131 ,
735 5060 821 5127 niis,
849 5072 947 5142 quam
973 5042 1081 5128 lisam,
1107 5050 1267 5125 Romanis
1291 5054 1406 5138 iteratis
1431 5042 1490 5121 suis
1518 5052 1745 5147 irruptionibus
1777 5050 1929 5125 molestus
1960 5044 2023 5120 suit.

682 5178 687 5184 ·
736 5152 771 5225 n
796 5148 893 5229 tubis
918 5170 1005 5234 iero·
1022 5145 1085 5231 isliu
1104 5146 1264 5238 tandem,
1291 5176 1373 5253 pace
1397 5152 1567 5237 Rornauur
1592 5154 1676 5231 'atter
1700 5178 1741 5231 ae
1763 5151 1920 5257 Bulgaros
1944 5151 2022 5225 ια

736 5287 742 5322 ·.
1942 5274 2023 5330 noo.
