4642 6992
816 1191 1026 1277 CAPVT
1048 1194 1104 1282 lx
1552 1121 1615 1310 sp,

932 1402 934 1404 ,
1632 1333 1711 1422 Imp.
1727 1343 1835 1411 ῐοΑΝιῖ

857 1405 951 1476 2'0·
977 1417 1067 1493 1342'
1499 1480 1501 1491 .
1598 1435 1680 1485 sue
1702 1421 1832 1509 raus
1886 1504 1891 1510 ,

318 1540 496 1630 &fiamque
519 1520 676 1610 sanciret,
709 1543 743 1598 et
766 1522 889 1598 nulan
922 1530 1071 1610 urbium,
1105 1548 1182 1628 quas
1206 1547 1296 1600 ntmc
1319 1523 1387 1630 ipse
1419 1530 1619 1634 possideret,

319 1660 463 1737 quaeque
496 1624 562 1728 ipse
586 1653 766 1729 paterque,
792 1630 950 1700 Romanis
975 1629 1222 1728 imperatoribus
1245 1633 1328 1702 inter
1348 1627 1383 1708 se
1408 1634 1479 1707 belli
1504 1639 1621 1708 eranti«

212 1787 215 1790 .
317 1741 402 1820 bus,
429 1755 464 1807 et
493 1731 628 1830 possea,
653 1724 848 1802 Andronico
873 1733 1004 1803 Iuniore
1029 1728 1138 1802 adbuc
1163 1727 1323 1828 spirante,
1347 1726 1414 1832 ipse
1438 1661 1618 1821 absuliss'et,

319 1835 442 1935 edepto
468 1837 631 1934 imperio,
656 1849 825 1932 tamquam
850 1832 1082 1908 Romanomm
1093 1836 1330 1933 imperatorum
1347 1840 1542 1936 propriam,
1569 1839 1618 1924 mi
1661 1835 1668 1852 '

317 1945 510 2045 petimnsm.

430 2042 635 2134 Imperator,
683 2031 753 2106 uod
777 2037 896 2135 gratis,
923 2031 1076 2136 dedique
1102 2037 1240 2110 honoris
1266 2055 1299 2110 et
1309 2042 1466 2113 aicitiae
1493 2038 1616 2116 deside·¹

319 2145 398 2224 rio,
429 2137 489 2210 srbi
520 2162 621 2234 opem
654 2059 741 2208 serre
775 2133 1009 2221 decreuissent,
1044 2162 1115 2210 non
1146 2143 1176 2210 ei
1208 2134 1339 2224 solum,
1375 2133 1430 2213 sed
1460 2161 1493 2213 et
1518 2142 1617 2216 vxori

320 2239 595 2344 principibusque.
612 2235 728 2308 mirltas
752 2229 784 2307 se
808 2241 923 2336 gratias
951 2263 1069 2338 agere,
1101 2237 1229 2313 teslatus
1263 2239 1332 2324 est,
1366 2247 1401 2316 ut
1435 2245 1492 2340 qui
1526 2267 1619 2317 com·

323 2347 422 2418 muni
447 2338 572 2412 calculo
595 2339 639 2409 ita
666 2338 790 2411 vellent.
838 2342 894 2411 De
918 2343 1099 2414 iuramento
1124 2362 1257 2424 autem,
1280 2340 1371 2441 quod
1395 2341 1616 2442 postularent,

323 2469 451 2542 nempe
474 2467 552 2536 cum
575 2442 612 2509 in
635 2443 811 2538 imperium
837 2435 990 2524 venisset,
1012 2439 1057 2544 de
1082 2447 1246 2540 occupatis
1270 2445 1399 2517 orbibus
1422 2442 1550 2518 nullum
1563 2469 1619 2520 ne·
1674 2515 1677 2520 .

322 2551 459 2646 gotium
484 2541 725 2623 exhibiturum,
751 2535 838 2640 quid,
855 2536 987 2624 sentiat,
1022 2541 1215 2640 apertissime
1249 2540 1460 2620 ostensurum.
1512 2551 1546 2620 Si
1576 2562 1622 2619 et·

325 2652 480 2721 iammrm
505 2638 561 2714 sub
587 2645 746 2716 Romanis
771 2636 895 2735 essent,
920 2638 1049 2742 seseque
1074 2650 1156 2718 tueri
1181 2642 1333 2744 possent,
1364 2673 1435 2720 non
1462 2641 1494 2719 se
1525 2645 1616 2730 illas,

328 2741 509 2849 quomodo
532 2770 594 2816 nec
619 2742 713 2826 alias,
736 2741 983 2843 negledhrrum:
1008 2740 1064 2818 sed
1091 2750 1287 2820 moriturum
1312 2753 1423 2848 prius,
1450 2774 1549 2848 quam
1561 2753 1620 2820 im·
1661 2765 1731 2855 1242·-

259 2935 265 2940 ,
328 2848 416 2924 belle
439 2842 585 2946 aliquid,
608 2870 790 2943 parumque
813 2850 995 2945 ingenuum
1019 2843 1276 2924 commissumm.
1328 2855 1413 2942 Quia
1442 2876 1522 2924 vero
1547 2848 1621 2923 alias

326 2950 463 3030 multis,
488 2946 561 3022 alias
586 2947 789 3044 paucioribus
815 2947 933 3020 abhinc
956 2954 1072 3030 annis,
1107 2953 1265 3023 Romanis
1290 2955 1336 3024 im
1360 2951 1535 3026 emtoribus
1569 2947 1623 3023 ad
1699 3031 1701 3034 ,

324 3055 398 3128 huc
425 3046 662 3146 superstitibm,
686 3046 800 3119 ablatas
824 3069 994 3133 tenerent,
1026 3075 1090 3122 nec
1113 3045 1145 3121 se
1171 2979 1457 3152 reprehensonem
1483 3047 1624 3126 incursu·
1707 3101 1713 3110 -

323 3181 430 3235 mm,
455 3146 482 3224 fi
507 3143 819 3248 tamdiuvsurparas
842 3146 1002 3223 dimiserit
1051 3153 1095 3222 Et
1120 3156 1232 3250 pasius
1257 3153 1321 3236 est,
1346 3161 1547 3230 iuramrum:
1578 3157 1624 3228 vi·

329 3253 481 3326 dendum
509 3247 610 3350 ipsis,
636 3271 671 3323 vt
695 3277 813 3349 pacem
838 3277 877 3322 ac
900 3247 1017 3324 foedus
1043 3245 1151 3326 sande
1174 3274 1346 3328 tueantur:
1377 3251 1410 3328 se
1431 3260 1527 3328 omni
1550 3259 1622 3328 rati·

329 3381 401 3430 one
425 3360 525 3428 iurata
550 3350 800 3450 praestiturum,
824 3367 888 3426 nec
912 3380 976 3452 pro
1001 3357 1136 3452 regione
1161 3375 1194 3428 et
1219 3355 1366 3458 oppidis,
1390 3383 1472 3458 quae
1500 3360 1625 3429 Roma·¹

329 3462 384 3532 nis
408 3475 501 3528 antea
525 3449 721 3552 paruissent,
745 3453 926 3527 molestiam
942 3459 995 3526 eis
1020 3475 1212 3530 creaturum.
1264 3463 1297 3530 Si
1324 3464 1447 3557 priores
1480 3484 1540 3557 per
1574 3461 1622 3530 in·

327 3575 824 3754 §ssessilssslslt'ss
846 3555 1457 3758 smssssszlimstsslsslllnls',
1477 3584 1624 3733 ‘simil

328 3765 401 3836 iam
424 3766 488 3832 mm
515 3757 597 3830 olim
623 3757 848 3832 Triballorum
872 3759 1071 3858 peculiares,
1096 3757 1122 3830 si
1147 3765 1307 3860 quiuerit,
1331 3758 1560 3844 subadburum,
1583 3757 1623 3834 fi·
1667 3817 1669 3820 -

329 3883 389 3936 cut
415 3881 448 3934 et
477 3856 537 3957 ipfi
570 3864 800 3935 Romanorum
831 3886 949 3938 onmes
983 3856 1189 3964 subigerent,
1222 3857 1430 3940 srvoluntati
1455 3867 1537 3938 uires
1572 3875 1623 3950 're
1686 3922 1690 3932 .

328 3961 538 4068 sponderent.
1183 3991 1186 4004 ·

917 4070 949 4166 §-
974 4063 1051 4162 154'
1118 4144 1120 4147 .
1650 4163 1653 4170 ,

439 4212 551 4286 Crales
576 4216 688 4312 etqui
713 4207 846 4285 aderant
869 4211 1006 4286 Triballi
1031 4207 1181 4285 admirari
1217 4231 1250 4286 et
1274 4206 1495 4313 obstupescere
1520 4197 1623 4310 impe·

331 4331 501 4398 ratorem,
527 4321 607 4412 qui,
630 4340 829 4414 quamquam
853 4309 944 4388 exsul
967 4333 999 4386 et
1010 4309 1130 4412 miser,
1154 4311 1234 4386 nihil
1262 4334 1372 4387 tamen
1398 4312 1549 4393 timidum
1565 4337 1621 4383 ne·

360 4441 400 4485 ne
422 4406 566 4497 situm,
589 4409 655 4486 sed*
669 4413 792 4489 sincere
817 4420 929 4496 omnia
955 4434 1053 4487 etex
1078 4419 1190 4488 animo
1215 4413 1340 4488 locutus
1367 4411 1451 4488 esset.
1503 4421 1553 4486 Ac
1579 4408 1624 4483 de

332 4439 484 4590 societate
511 4511 644 4616 quidem
669 4518 780 4590 adium
807 4517 852 4589 est
877 4516 938 4588 islo
967 4513 1098 4589 modo:
1129 4519 1246 4588 iubas
1277 4536 1385 4590 autem
1419 4514 1623 4588 conditiones

334 4621 507 4690 iuratum:
542 4621 614 4699 „Vt
646 4619 823 4716 imperator
853 4622 1096 4693 ‚Cantacuzenus
1129 4638 1163 4691 et
1187 4613 1296 4690 Crales
1327 4619 1423 4689 amici
1455 4612 1554 4688 essent
1585 4628 1624 4685 ac

336 4713 415 4790 socii
443 4724 477 4789 in
503 4733 607 4790 omne
630 4739 781 4818 tempus,
813 4739 989 4818 neuterque
1014 4719 1139 4791 alterius
1164 4720 1370 4818 prouinciam
1394 4711 1555 4789 infestaret
1578 4709 1632 4788 vl,
1757 4725 1764 4734 '

336 4817 377 4891 lis
404 4822 521 4890 artibus
553 4839 608 4890 aut
639 4825 819 4892 machinis:
851 4815 906 4893 sed
940 4824 1182 4894 Cantacuzenus
1215 4821 1350 4893 vrbium.
1376 4821 1627 4901 Romanarum,

337 4944 477 5021 quarmn
502 4921 613 4993 crate
638 4919 714 4995 esset
741 4920 917 5005 dominus,
942 4919 1010 4995 sme
1034 4949 1086 4994 eas
1108 4948 1132 4994 a·
1153 4939 1245 5022 patre
1269 4916 1460 5018 accepisset,
1483 4910 1629 5015 srueipse

336 5048 409 5106 eas,
434 5018 628 5108 Andronico
653 5028 849 5126 imperatore
876 5027 1022 5108 uiuente,
1047 5019 1103 5098 sub
1116 5017 1150 5100 se
1172 5017 1361 5126 redegisset,
1385 5018 1507 5102 nullam
1521 5041 1629 5118 neque

341 5199 370 5210 ,,
688 5207 691 5210 ,
910 5145 943 5220 K
965 5143 990 5226 k
1019 5129 1058 5238 ,ᾖ
1531 5159 1629 5242 τοροι,

375 5243 740 5332 Μῐᾶἰδίἁ.ρ,49ι
1226 5283 1271 5300 -.
1345 5255 1370 5330 J
1567 5299 1593 5308 ..
