4642 6992
642 1163 647 1183 ¹
679 1085 768 1260 '1⁷⁶'
1115 1112 1540 1274 εεκνῐροκνμ

1156 1407 1160 1411 ‚
1276 1357 1316 1432 C.
1344 1379 1374 1430 rr

692 1511 734 1562 ex
760 1477 929 1557 occidente
960 1479 1119 1556 Romanis
1147 1381 1252 1580 pail:
1273 1486 1357 1554 inter
1375 1375 1419 1553 §st
1455 1473 1563 1555 fecili'e
1578 1505 1588 1550 ε
1601 1473 1716 1578 ε-ίρῖο
1747 1479 1783 1547 in
1819 1475 1982 1552 Dalmatas

717 1580 926 1666 reficietur,
955 1605 991 1665 vt
1015 1579 1285 1676 Artiizupauum
1297 1611 1317 1664 ‚¹
1334 1583 1391 1680 qui
1414 1587 1450 1654 iis
1468 1579 1693 1680 imperitabat,
1717 1582 1906 1679 primusque
1920 1581 1984 1653 bel·

692 1613 763 1763 lum
789 1693 973 1784 inceperat,
999 1681 1171 1756 confestim
1197 1677 1464 1757 vlcisterenuu.
1490 1688 1668 1783 Imperator
1681 1676 1818 1752 --fatta
1848 1685 1882 1752 in
1907 1681 1984 1755 Dal·

513 1854 524 1884 ,
581 1865 583 1868 ,
694 1791 830 1862 matiam
856 1790 1057 1883 irruptione,
1076 1785 1205 1879 Rcfiam
1231 1782 1393 1856 castellum
1419 1791 1557 1870 euertit,
1583 1803 1617 1862 et
1634 1783 1730 1856 obuia
1757 1807 1904 1881 quaeque
1929 1781 1983 1854 de·

694 1887 870 1989 populatus
896 1885 966 1976 est3
992 1881 1199 1958 multitudine
1224 1882 1341 1958 deinde
1364 1889 1565 1994 innumera,
1602 1911 1701 1984 quam
1732 1885 1767 1954 in
1788 1879 1988 1962 ¹seruitutem
2016 1921 2019 1928 ·

698 1987 893 2090 redegerat,
920 1987 1135 2060 Constantino
1149 1985 1480 2084 Sebassohypertato,
1508 1990 1709 2086 cognomine
1720 1985 1875 2086 Angelo,
1898 2011 1991 2080 com·
2015 1985 2022 1992 ’

696 2087 816 2174 miffa,
843 2114 951 2188 eoque
976 2090 1020 2160 ibi
1053 2115 1132 2159 cum
1165 2092 1266 2186 copiis
1301 2087 1439 2172 relicto,
1466 2086 1594 2163 ulterius
1628 2091 1778 2184 perrexit.
1830 2089 1988 2159 Nirubam

695 2199 868 2290 regionem
884 2185 1059 2288 ingrellus,
1086 2215 1169 2288 quae
1179 2191 1408 2287 Archizupano
1423 2207 1455 2262 et
1471 2185 1537 2286 ipsa
1550 2189 1694 2288 parebat,
1720 2207 1885 2288 quotquot
1900 2207 1988 2262 erant

696 2293 740 2366 ibi
766 2287 944 2391 praefidia,
969 2288 1061 2365 nullo
1085 2289 1196 2364 labore
1222 2293 1431 2390 expugnauit.
1481 2295 1570 2364 Mox
1598 2290 1766 2364 Galitzum
1797 2286 1988 2372 allecutus,

697 2421 777 2472 cum
803 2388 949 2476 videret,
972 2391 1142 2476 barbaros,
1166 2395 1342 2464 hominum
1366 2389 1572 2464 multitudine
1596 2390 1727 2490 locique
1751 2387 1990 2490 difficultatibus

698 2491 823 2579 fretos,
848 2491 938 2564 nolle
962 2490 1020 2566 libi
1044 2519 1153 2566 arcem
1181 2490 1324 2577 dedere,
1351 2491 1455 2564 castris
1479 2490 1611 2591 politis,
1637 2487 1710 2564 suis*
1723 2495 1926 2593 imperauit,
1957 2511 1993 2566 vt

701 2595 765 2672 tela
790 2614 822 2672 et
847 2589 970 2690 lapides
996 2621 1015 2666 e
1041 2589 1244 2695 fundisfiue
1270 2593 1332 2668 vlla
1361 2593 1594 2667 intermistione
1628 2598 1662 2664 in
1701 2619 1780 2678 eos,
1813 2597 1869 2692 qui
1907 2613 1993 2668 exte-

701 2702 789 2772 riora
812 2698 1015 2767 munimenta
1046 2691 1296 2792 defendebant,
1328 2700 1476 2768 iacerent.
1528 2701 1574 2768 Ita
1607 2701 1701 2769 tertio
1733 2691 1786 2770 die
1814 2693 1928 2769 locum
1958 2700 1992 2779 vi

702 2801 909 2897 expugnauit.
959 2797 1006 2869 Ibi
1034 2824 1110 2895 cum
1143 2798 1352 2870 barbarorum
1387 2795 1652 2879 multitudinem,
1687 2823 1765 2868 cum
1800 2816 1954 2872 armatam
1980 2849 2006 2886 ,‚

692 2920 774 2973 rum
798 2901 1002 2998 gregariam,
1027 2896 1213 2997 reperiffet,
1239 2925 1311 2971 eam
1337 2895 1414 2970 iude
1437 2895 1576 3000 abduxit.
1627 2895 1775 2980 Deinde,
1806 2898 1992 2998 postquam,

660 3011 663 3020 '
702 2997 809 3076 reditu
834 2999 1002 3083 instituto,
1023 3004 1112 3073 venit
1138 2997 1180 3072 ad
1205 2996 1348 3082 Rasum,
1374 2997 1468 3085 illos,
1494 3022 1530 3076 vt
1555 2997 1719 3074 Serdicam
1754 3019 1786 3073 et
1816 2999 1889 3075 alias
1923 3003 1992 3076 Ro·

705 3126 885 3179 manorum
909 3105 1060 3198 regiones
1081 3099 1285 3182 incolerent,
1314 3099 1427 3174 diuilit.
1878 3137 1884 3144 ·

808 3200 1004 3302 Ab'Angelo
1029 3206 1147 3275 certior
1170 3199 1297 3284 factu,
1322 3201 1495 3300 Zupanum
1512 3205 1558 3298 tl,
1586 3222 1708 3302 captata
1733 3201 1808 3303 poll
1834 3179 1995 3275 suum'in·

706 3298 749 3374 de
773 3299 929 3374 receffum
958 3303 1155 3388 occasione,
1187 3299 1326 3404 coepiffe
1352 3306 1523 3376 Romanos
1549 3303 1690 3388 adoriri,
1715 3303 1906 3405 proelioque
1930 3307 1998 3374 iam

709 3399 881 3475 commiss'o
908 3399 1106 3502 superiorem
1132 3403 1283 3494 erralille3
1309 3409 1406 3477 motis
1433 3403 1560 3489 callris,
1587 3425 1623 3479 vt
1649 3432 1726 3480 eum
1758 3412 1997 3508 opprimeret,
2068 3437 2073 3448 ·

624 3524 630 3540 ¹
705 3499 834 3580 summa
859 3501 1017 3581 celeritate
1042 3504 1219 3599 contendit.
1267 3511 1312 3582 At
1334 3503 1387 3581 ille
1422 3508 1476 3582 vbi
1508 3501 1692 3600 intellexit,
1725 3506 1897 3583 aduentare
1928 3507 1998 3580 Ro·

1879 3633 1996 3681 manos

845 3802 989 3878 irruadere'
1002 3813 1125 3899 flamia
1150 3813 1204 3901 qui
1226 3812 1389 3897 nanquillo
1414 3811 1537 3894 imperii
1550 3809 1637 3896 statu
1656 3811 1829 3876 amicitiam
1851 3811 2000 3898 fimulau-

747 3965 757 3990 ,
844 3907 965 3977 trs‚·et
987 3899 1072 3965 aliud
1093 3901 1199 3981 lingua
1219 3909 1403 3982 promtum,
1428 3897 1515 3960 aliud
1538 3899 1641 3961 animo
1671 3897 1811 3962 abditum
1832 3897 1999 3976 habentes,

841 3981 1014 4065 ——rtfirmta
1033 4005 1091 4068 per
1115 3987 1291 4068 orcafionem
1314 3983 1405 4062 [belli
1427 3981 1540 4061 Siculi]
1565 3985 1704 4070 fiducia,
1736 3989 1838 4050 armis
1862 3983 2001 4069 sumus,

827 4065 988 4151 finitimas
998 4070 1060 4158 sibi
1082 4069 1294 4136 Romanorum
1311 4073 1490 4154 prouincias
1511 4073 1592 4136 male
1615 4069 1798 4135 iraiiarant.
1843 4073 1945 4154 Igitur
1956 4073 2002 4134 irr-

836 4155 1064 4244 struiiiffimam
1090 4169 1215 4240 partem
1248 4161 1419 4238 exesurus,
1449 4179 1516 4222 cum
1539 4153 1765 4242 impedimentis
1783 4155 1889 4244 'qaam
1911 4161 2004 4222 iniui-

846 4244 929 4318 tm's,
954 4247 984 4308 in
1009 4245 1154 4308 Snaiam
1176 4245 1266 4310 ducit.
1310 4243 1403 4309 Cuius
1411 4241 1580 4327 satrapam
1605 4245 1808 4328 imperatoria
1828 4245 2003 4327 expeditio,

824 4337 826 4341 ’
847 4333 1046 4411 quantumuis
1055 4328 1257 4414 difflmulata‚
1274 4351 1333 4394 uon
1347 4331 1466 4416 splenii.
1489 4332 1547 4408 Is,
1570 4333 1660 4416 quia,
1684 4329 1767 4416 quod
1782 4331 1917 4408 fornel,
1939 4351 2000 4394 uon

851 4411 1006 4492 latebat,
1029 4414 1121 4505 [tque
1144 4417 1296 4484 Romanis
1324 4417 1500 4498 legionibus,
1523 4421 1674 4500 imparem
1706 4438 1762 4482 ee
1792 4418 1956 4481 innabat:
1988 4437 2005 4481 e

845 4503 977 4582 planicie
1001 4505 1033 4566 in
1056 4512 1194 4582 anstites,
1219 4505 1296 4570 verde
1308 4503 1441 4587 salutem
1466 4500 1677 4588 exspeiiabai,
1714 4506 1878 4586 ertcrpit:
1897 4499 2006 4588 sirum-

851 4607 907 4672 que
926 4593 1073 4673 populum
1094 4589 1256 4674 transactis
1280 4611 1318 4655 ar
1337 4611 1481 4674 pecorum
1498 4609 1613 4674 greges
1645 4589 1684 4654 ito
1711 4589 1778 4654 ibus
1806 4589 2004 4675 difflpaudum

849 4683 880 4735 et
902 4675 1092 4760 occidendum
1115 4674 1245 4756 obiecit,
1269 4675 1345 4742 datu
1369 4681 1472 4764 cuique
1489 4677 1638 4760 potestate
1674 4669 1881 4760 alatisfaga,
1896 4672 2006 4760 fiiopte

850 4765 1009 4844 exempto,
1042 4764 1247 4848 qaaernrdae,
1278 4767 1415 4849 vitaeque
1433 4761 1562 4846 pedibus
1583 4761 1793 4850 redimendae,
1831 4761 1915 4848 Quae
1934 4783 2005 4826 rum

825 4867 1021 4932 ‘Seruianum
1040 4866 1181 4950 princeps
1205 4847 1452 4952 (Σεξβαςχης)
1463 4866 1606 4956 feciffet,
1625 4868 1798 4950 imperator
1815 4874 1937 4940 metra,
1963 4867 2003 4928 lr-

851 4955 918 5019 onir
943 4953 1040 5039 instar
1049 4950 1134 5036 freti
1154 4953 1295 5028 viribus,
1320 4965 1463 5019 armenta
1488 4952 1579 5020 boum
1607 4965 1663 5018 aut
1689 4971 1805 5036 greges
1839 4969 2006 5036 caprarum

850 5039 1037 5124 difflpantis,
1053 5035 1238 5124 profligatis
1262 5037 1468 5134 barbarorum
1492 5038 1689 5126 cohortibus,
1712 5041 1875 5126 multisque
1892 5034 2008 5126 proffes-

675 5198 679 5207 ’
763 5193 810 5288 t)
837 5187 854 5268 ὅ
879 5197 1056 5270 Zenertis.
