4642 6992
687 1219 752 1293 ψ
932 1254 937 1257 .
1111 1194 1529 1274 servtconvtr

482 1298 683 1389 Impnonrt·
706 1356 710 1363 .
817 1365 820 1377 ,

482 1400 532 1449 ne
555 1386 627 1452 Par.

1230 1426 1260 1473 a.
1286 1395 1366 1473 e.'1
1401 1374 1432 1470 ³.

694 1514 940 1621 perducendam
966 1520 1111 1601 cucurrit,
1147 1421 1429 1593 mamanibusdgt
1454 1514 1582 1593 Albanis
1616 1542 1690 1589 eam
1728 1540 1806 1588 cum
1839 1488 1986 1588 laudibus

615 1659 618 1668 ·
694 1618 977 1695 deducentihuc-
1003 1622 1165 1718 roirca
1189 1622 1280 1692 breui
1304 1622 1365 1689 hac
1393 1616 1434 1691 de
1466 1612 1558 1689 causa
1584 1617 1699 1691 Albani
1725 1636 1833 1699 aeerte
1867 1617 1906 1688 ab
1942 1642 1989 1690 eo

585 2434 655 2521 eae.

697 1716 922 1795 desciuerunt:
948 1718 1162 1817 profitentes,
1193 1718 1251 1793 niii
1278 1716 1428 1792 diffoluto
1464 1718 1643 1793 Triballico
1676 1724 1829 1792 matrimo
1845 1724 1887 1789 ¹io
1920 1723 1984 1789 im·

697 1826 854 1924 peratoris
877 1820 977 1893 filiam
1009 1845 1028 1892 e
1052 1817 1279 1920 Peloponneso
1310 1824 1345 1891 in
1370 1818 1550 1891 thalamum
1581 1841 1820 1903 reuocaret,-
1833 1812 1985 1891 aduersus

697 1948 777 1997 eum
809 1926 949 2022 impigre
978 1918 1157 2003 bedaturoe.
1207 1912 1458 1997 tlte-nefandas
1489 1920 1554 1995 itta
1587 1950 1631 1995 nu
1659 1929 1713 1997 tias
1746 1945 1804 2020 per
1839 1920 1987 2019 legatum

693 2028 895 2123 antiquauit,
920 2025 1163 2124 coniugemque
1187 2023 1369 2124 legitimam
1394 1950 1655 2123 ePelopormedi
1681 2046 1852 2101 reuocam,
1880 2018 1984 2099 fidem

691 2130 723 2199 ei
744 2129 927 2199 iuramento
950 2116 1075 2207 sanxit,
1109 2124 1190 2197 nihii
1216 2128 1256 2199 de
1282 2120 1409 2197 caetero
1434 2118 1523 2195 secus
1554 2129 1687 2198 ineam
1718 2118 1989 2210 admiffurumr

730 2425 742 2475 ἱ
796 2438 929 2490 arvern
953 2431 1104 2513 tempore
1130 2416 1166 2485 in
1191 2416 1240 2488 hir
1265 2292 1404 2513 riegdiiis
1433 2411 1497 2509 [de
1522 2410 1646 2491 Chaliie
1673 2414 1833 2487 Orchenis
1868 2410 1937 2485 titio
1964 2440 1989 2486 e

694 2512 893 2589 rhemensi
919 2518 1102 2613 captiuitate
1129 2540 1188 2613 per
1213 2521 1292 2615 imp.
1319 2520 1475 2587 ioannem
1495 2516 1559 2591 rat
1585 2512 1775 2613 liberando]
1801 2508 1988 2599 consumto,

618 2700 624 2709 ¹
693 2617 822 2690 vrbium
846 2613 1056 2716 Mygdoniae
1083 2610 1262 2714 praefesti,
1291 2614 1514 2689 Triballorum
1539 2616 1750 2697 nobilissimi,
1776 2617 1986 2689 Matthaeum

693 2720 927 2817 imperatorem
952 2711 1074 2789 secreta
1102 2738 1265 2801 caueant,
1301 2735 1413 2815 utpote
1439 2715 1482 2793 illi
1508 2710 1540 2787 se
1563 2744 1641 2789 cum
1667 2717 1795 2791 urbibus
1819 2712 1989 2789 dedituri:

692 2816 825 2919 quade
851 2844 886 2889 re
912 2834 945 2889 et
971 2837 1063 2889 antea
1091 2838 1231 2917 egerant.
1282 2822 1333 2889 Ex
1362 2843 1429 2916 qno
1453 2842 1596 2917 namque
1611 2821 1853 2891 Cantacnzenne
1878 2812 1989 2915 pulsus

692 2945 712 2991 a
738 2922 895 2993 Romanis
922 2916 1008 3015 apud
1032 2918 1197 2992 Tribalios
1215 2914 1394 2994 ,diuersam
1419 2914 1546 3001 fuerat,
1580 2923 1661 2992 mira
1687 2923 1786 2991 animi
1822 2918 1978 2991 inclinati-

693 3044 760 3093 one
779 3014 1022 3119 ,potentissimue
1045 3026 1181 3127 quisque
1208 3016 1410 3118 potissimum
1436 3016 1580 3093 eundem
1615 3018 1749 3094 colebat.
1798 3024 1908 3117 Itaque
1941 3039 1990 3091 et·

693 3124 761 3194 iam
787 3119 883 3195 Crnle
910 3116 1075 3219 superstite
1099 3118 1233 3193 libenter
1260 3114 1431 3204 vidissent,
1456 3127 1464 3191 i
1489 3114 1573 3215 snm*
1587 3124 1622 3193 in
1638 3118 1825 3203 Triballoi,
1850 3142 1988 3219 gentem

693 3217 807 3307 fitam,
838 3217 1082 3319 'expeditionem
1113 3216 1291 3321 suscipere:
1327 3242 1360 3295 et
1386 3226 1420 3291 in
1444 3148 1487 3295 id
1501 3248 1638 3323 operam
1671 3216 1815 3321 impense
1849 3220 1988 3293 dabant:

691 3319 853 3423 siquidem
877 3328 968 3407 eius,
995 3348 1096 3421 quam
1120 3323 1245 3413 Craiis,
1264 3312 1443 3423 'imperinm
1470 3324 1653 3405 malebant,
1679 3344 1774 3421 atque
1797 3324 1859 3394 hac
1883 3316 1930 3409 de,
1948 3348 1989 3397 re

693 3424 778 3497 clam
803 3419 925 3520 saepius
953 3449 1030 3497 eum
1056 3449 1097 3516 eo
1122 3419 1309 3520 ¹sermonem
1343 3424 1508 3497 habebant.
1562 3432 1688 3499 Verum
1723 3424 1774 3497 vbi
1807 3428 1989 3522 imperator

694 3530 939 3603 Cantacuzenus
973 3522 1118 3596 institutis
1143 3520 1180 3597 'se
1213 3525 1398 3625 monasticis
1436 3522 1581 3609 addixit,
1612 3522 1794 3623 eorumque
1834 3530 1988 3624 princeps

691 3622 763 3703 fato
787 3623 918 3714 fundae
942 3622 1010 3707 eti,
1039 3644 1174 3723 propter
1198 3645 1336 3699 mutatas
1362 3624 1493 3699 viuendi
1516 3632 1678 3711 rationer,
1711 3622 1801 3723 quod
1838 3622 1986 3722 speraue-

691 3748 787 3809 rant,
812 3728 939 3823 penitus
967 3720 1185 3823 desperanmt.
1235 3724 1288 3799 Ad
1312 3730 1518 3817 Matthaeurn
1544 3750 1652 3801 autem
1677 3725 1784 3799 filium
1809 3734 1989 3809 mittentes,

691 3822 795 3900 stadia
821 3852 898 3925 erga
948 3844 1093 3897 arentem
1121 3822 1216 3924 ipsun
1242 3830 1277 3897 in
1302 3834 1499 3901 memoriam
1531 3828 1575 3904 illi
1606 3826 1823 3927 redegerunt,
1855 3846 1886 3899 et
1915 3830 1988 3901 eius

693 3922 865 4027 aequaliter
889 3848 952 3997 edi
977 3920 1157 4011 studiosos,
1182 3930 1212 3997 ei
1237 3923 1453 4013 adhaesuros,
1477 3956 1701 4031 magnumque
1717 3932 1889 4027 imperium
1905 3954 2000 4001 con--

691 4028 874 4111 ciliaturm,
900 4020 1122 4116 aii'eueraruut.
1174 4030 1270 4100 Tum
1298 4056 1377 4103 vero
1404 4032 1565 4107 Boicknus
1586 4026 1742 4105 Caesari)
1762 4032 1899 4101 nuncios
1924 4034 1990 4101 mi-

658 4141 664 4163 '
690 4128 755 4214 fi,
803 4148 887 4201 arata
910 4122 999 4211 eise,
1024 4154 1107 4301 Pae
1129 4132 1394 4301 repuirerentur,
1420 4136 1551 4221 omnia,
1578 4153 1610 4213 et
1635 4126 1667 4203 se
1691 4132 1786 4202 etiam
1807 4118 1989 4207 Pherannn

718 4154 732 4203 t

692 4256 752 4405 tra
786 4232 897 4309 edium
923 4224 966 4299 ad
993 4233 1026 4326 ip
1040 4254 1137 4303 orum
1179 4235 1347 4303 ocietatem
1374 4230 1583 4333 pertraxiffe,
1610 4237 1666 4332 qui
1692 4250 1816 4328 parents
1840 4228 1901 4315 sn,
1934 4258 1991 4319 vr·¹

654 4421 657 4430 ¹
716 4358 772 4405 em
796 4356 873 4403 cum
889 4324 965 4429 ‚ipsa
988 4329 1146 4405 Craiaena
1175 4330 1348 4432 multisque
1373 4360 1546 4407 aureontm
1580 4332 1718 4409 millibus
1750 4331 1896 4406 traderet
1930 4358 1989 4407 ro·
2072 4372 2081 4379 ·
2165 4338 2166 4361 ¹

693 4434 899 4534 gabantqne,
929 4427 970 4503 ad
997 4458 1055 4505 eoe
1077 4428 1246 4507 accederet
1270 4458 1369 4535 quam
1401 4441 1613 4521 maturrime,
1646 4430 1714 4517 iic,
1744 4453 1779 4509 vt
1811 4432 1897 4507 diem
1929 4432 1990 4507 ad-

694 4556 819 4609 uentur»
836 4529 885 4605 sui
909 4532 1101 4630 praefiniret.
1483 4531 1487 4537 ’

802 4638 866 4709 His
890 4638 1014 4705 ntmciis
1034 4636 1225 4723 Matthaeus
1248 4638 1432 4713 mirabiliter
1456 4638 1608 4745 laetante,
1641 4640 1726 4711 hanc
1751 4662 1827 4739 erga
1851 4630 1882 4709 se
1913 4626 2008 4710 illo-¹

691 4760 768 4811 mm
792 4755 860 4811 tam
887 4734 1041 4808 eximiam
1067 4736 1270 4811 voluntatem
1296 4742 1473 4841 magnifice
1486 4762 1790 4822 remuneraturum,
1815 4735 1999 4837 promisit,

692 4856 726 4909 et
742 4854 870 4937 tempus
882 4842 1009 4939 triginta
1022 4834 1149 4910 dierum
1164 4837 1360 4937 praestituit,
1386 4844 1499 4942 quibus
1524 4844 1711 4925 adueniret:
1735 4836 1872 4913 totidem
1891 4866 1991 4913 nam·

693 4964 758 5045 quc
782 4936 849 5013 dier
879 4934 923 5010 ad
948 4936 1195 5039 colligendum,
1230 4964 1330 5041 quern
1364 4945 1522 5029 habebat,
1554 4948 1747 5020 Romanum
1779 4940 1955 5015 exercitum
1973 4995 1990 5030 ,

1950 5062 2004 5123 et

683 5150 791 5306 mnae
815 5138 1111 5208 cannacvzneive
1136 5143 1180 5207 T.
1202 5146 1254 5208 111.
1278 5164 1308 5231 p.
1409 5148 1461 5244 b)
1485 5156 1637 5243 Βοῖχνοισ
1663 5140 1682 5222 ὅ
1705 5102 1852 5244 Karrea·
1905 5204 1911 5221 .
