4642 6992
805 1204 1013 1286 cnth
1061 1208 1149 1290 xlx,
1451 1219 1462 1231 ”
1524 1218 1528 1231 “
1565 1236 1626 1310 733

1569 1372 1588 1399 ,s
1635 1310 1718 1401 Imp.
1736 1324 1841 1379 matt.

868 1436 897 1485 ι.
922 1414 961 1487 C.
988 1435 1074 1507 ως.
1141 1464 1144 1467 -
1638 1414 1687 1465 ⁸⁸
1710 1399 1826 1486 Dece-5

300 1546 347 1623 lit
369 1566 452 1621 aere
476 1538 596 1644 Angeli
621 1534 744 1615 Alanus
770 1558 835 1615 tret
858 1539 942 1617 filios
966 1538 1164 1645 susceperat,
1193 1543 1381 1621 Motum
1410 1540 1591 1624 nasutium
1608 1587 1626 1621 a

298 1645 531 1727 “diximum
558 1645 705 1717 Mariam
730 1663 763 1716 et
797 1644 932 1717 Aetnam
956 1643 990 1705 t)
1016 1641 1164 1721 feminae.
1213 1646 1415 1721 Callimanm
1446 1670 1626 1751 paternum
1726 1692 1732 1701 ·

303 1772 447 1848 regnum
471 1738 655 1844 capelseot,
680 1739 812 1815 foedera
840 1770 915 1816 curn
942 1750 1066 1823 Ioanne
1090 1752 1289 1851 imperatore
1311 1769 1458 1827 renouat.
1502 1756 1624 1857 §iope

305 1846 434 1957 placida
457 1850 493 1920 in
517 1870 599 1947 pace
624 1848 736 1919 omnia
768 1838 981 1945 quiescebant.
1313 1852 1317 1872 ¹

907 2032 939 2130 i·
963 2054 1031 2125 291·
1280 2144 1282 2146 ,

330 2244 331 2249 ἵ
408 2183 629 2237 tnrrnnrott
657 2186 738 2263 ergo
764 2156 1061 2247 loannespAsano
1087 2161 1228 2265 Bulgato
1253 2163 1296 2238 de
1320 2160 1433 2238 medio
1463 2159 1623 2256 sublato,

303 2284 361 2347 et,
385 2290 489 2365 puero
516 2260 681 2363 Bttlgariae
708 2268 911 2363 imperante,
940 2261 1112 2337 occafione
1138 2285 1263 2365 arrepta
1287 2268 1536 2366 appellationem
1562 2267 1622 2336 im·

300 2370 520 2466 peratoriam',
547 2390 608 2463 qua
635 2370 772 2439 Ioannes
803 2362 920 2465 Angeli
946 2362 1030 2436 lilius
1054 2365 1229 2465 gestiebat,
1261 2363 1370 2441 delere
1401 2364 1459 2438 fibi
1490 2370 1526 2438 in
1556 2368 1622 2435 ani*-

303 2492 364 2539 mo
389 2493 452 2566 pro
477 2488 603 2547 onena,
629 2470 774 2563 primmn
801 2463 1052 2546 Theodorum,
1076 2466 1156 2539 illius
1189 2484 1341 2565 patrem,
1375 2469 1499 2539 nuncio
1529 2459 1624 2537 sedo»

303 2569 418 2653 (hm,
443 2492 500 2639 libi
526 2565 683 2639 conciliat
699 2602 740 2619 ···
759 2566 930 2666 l’ossqoam
959 2592 1041 2665 eum
1059 2571 1093 2638 in
1128 2566 1285 2665 potestate
1314 2558 1449 2658 natiuit,
1491 2584 1523 2637 et
1552 2590 1623 2638 non

305 2688 404 2741 conte
419 2720 423 2736 .
438 2664 564 2740 nendos
587 2662 662 2739 effer
688 2689 707 2736 e
732 2669 859 2760 Scythis
886 2670 1068 2757 exercitus,
1090 2692 1177 2767 quoa
1202 2694 1273 2741 non
1300 2666 1421 2743 multos
1444 2684 1519 2738 ante
1552 2663 1620 2737 diet

298 2768 487 2843 muneribus
509 2772 665 2867 variisque
690 2764 852 2839 beneficiis
870 2764 927 2839 fibi
953 2764 1147 2849 deuinctos,
1173 2788 1270 2869 atque
1303 2795 1345 2841 ex
1375 2765 1619 2840 immanioribus

301 2869 448 2943 moribus
474 2886 507 2941 et
532 2866 726 2942 Macedonii
753 2864 943 2954 distraiios,
968 2871 1004 2939 in
1029 2867 1220 2942 orientalem
1245 2896 1339 2943 oram
1349 2864 1554 2954 deduxerat,
1575 2860 1619 2936 sa·

246 3050 252 3068 ‚
300 2974 476 3045 tis-animo
503 2989 592 3043 certo
619 2989 651 3041 et
676 2968 895 3044 confirmato,
921 2967 1002 3040 nihil
1026 2966 1083 3041 fibi
1108 2968 1316 3043 incommodi
1352 2968 1529 3068 aBulgaris
1546 2991 1619 3065 per·

299 3065 491 3151 timescens,
517 3072 634 3169 partim
660 3090 797 3167 propter
820 3072 914 3169 palla
940 3096 1015 3141 cnm
1042 3074 1085 3142 eit
1109 3074 1212 3153 inita,
1237 3073 1354 3171 partim
1380 3066 1532 3169 quodte't
1546 3062 1620 3138 Bul·

298 3182 457 3273 'garorum
483 3194 500 3240 a
525 3195 630 3270 puero
661 3192 879 3270 regerentur,
917 3194 958 3241 ex
994 3177 1117 3243 oriente
1154 3165 1311 3255 soluens,
1343 3172 1620 3268 praetemauigato

298 3268 542 3373 Hellesponto,
564 3266 674 3344 secum
699 3298 762 3343 vna
787 3292 819 3345 et
843 3274 1072 3345 Romanorum
1103 3274 1272 3368 copiarum
1299 3292 1331 3343 et
1357 3273 1553 3364 Scytharum
1565 3292 1619 3337 att·

298 3374 382 3450 xiliis
398 3369 569 3456 aduenis,
596 3364 744 3443 aduersus
769 3376 953 3467 loannem,
977 3362 1229 3447 Thellalonicae
1251 3374 1454 3471 imperatoris
1477 3367 1536 3443 libi
1554 3390 1619 3441 not

297 3500 380 3551 men
406 3470 648 3554 vindicantem,
675 3478 778 3547 aciem
802 3472 936 3546 instruit.
991 3512 994 3515 ·

898 3658 929 3755 i·
955 3682 1025 3749 292·

404 3812 571 3864 tonnerre
598 3789 776 3883 imperator
799 3789 835 3857 in
861 3784 1046 3887 oppolitam
1071 3812 1090 3858 e
1111 3788 1253 3884 'regione
1277 3788 1498 3858 continentem
1522 3796 1619 3877 atque
1627 3843 1646 3893 2
1746 3847 1759 3862 ,,
1842 3805 1847 3814 ’

165 3978 170 3985 Ι
299 3888 498 3973 occiduam,
522 3908 558 3963 vt
582 3888 673 3959 vrbes
697 3890 731 3957 in
768 3912 806 3958 ea
844 3916 881 3961 ac
914 3884 1033 3993 oppida
1064 3912 1179 3984 resque
1209 3891 1244 3959 in
1277 3884 1334 3957 illis
1364 3882 1525 3969 visitaret,
1553 3884 1620 3952 iter
1691 3873 1702 3892 ⁸
1823 3894 1828 3904 '

296 3990 454 4075 instituit,
478 4016 555 4062 nam
582 3985 623 4059 ad
651 3985 838 4087 oppidum,
864 3993 916 4060 cui
943 4014 1069 4061 nomen
1095 3988 1238 4060 Zichnae
1261 3985 1329 4067 eli,
1355 4010 1463 4085 prope
1487 3984 1617 4067 Serme,

299 4095 453 4165 omnibus
479 4088 713 4192 dominabatur.
763 4092 868 4162 Tunc
893 4087 1107 4189 Bulgarornm
1139 4083 1235 4161 Asani
1266 4085 1350 4159 filim
1382 4082 1616 4167 callimanoe,

296 4190 367 4266 duo
393 4212 425 4265 et
450 4188 564 4264 decem
584 4216 687 4263 annos
700 4208 816 4290 natm,
841 4189 1204 4291 principammtenebat.
1233 4190 1615 4285 Cum-imperator·-

296 4290 339 4366 ad
366 4292 490 4367 flumen
515 4291 690 4371 Hebrum,
714 4316 819 4388 prope
843 4296 929 4365 Beris
956 4290 1186 4365 monasterinm
1212 4284 1407 4365 defluentem
1423 4338 1434 4368 ,
1453 4302 1486 4356 et
1509 4284 1548 4353 ab
1566 4284 1616 4352 in·

294 4392 425 4493 iligenit
451 4396 633 4467 Maritum,
648 4410 825 4477 vocatum,
850 4398 1051 4491 peruenit-
1066 4388 1096 4462 d.
1122 4413 1169 4477 27.
1196 4410 1251 4461 aut
1274 4403 1313 4469 28
1336 4386 1614 4483 menfissseptem·
1735 4400 1741 4414 ·

297 4496 362 4569 brit
377 4534 408 4546 -
431 4492 484 4555 ῦὸ)
508 4493 659 4583 litterita
687 4516 796 4564 rerum
820 4488 983 4565 summam
1010 4490 1174 4563 Achridae
1197 4490 1397 4589 gubernante
1421 4483 1462 4558 ad
1488 4479 1613 4557 sedarit

299 4594 419 4670 ee'rtior
440 4582 502 4675 fit,
527 4592 766 4675 Callimannm,
790 4592 1006 4694 Bnlgarorttm
1031 4596 1238 4689 principem,
1261 4593 1360 4663 vitam
1377 4583 1504 4669 iiniffe,
1529 4606 1628 4661 non,

293 4697 466 4793 nullorum
488 4689 641 4769 foetentia
665 4692 798 4767 natarali
821 4696 974 4778 morbo,
1004 4690 1144 4767 aliorum
1180 4691 1222 4762 ab
1257 4684 1447 4790 adonstni‘t
1467 4688 1512 4761 ati
1528 4684 1619 4855 effi

1416 4836 1423 4843 .
1475 4813 1486 4842 t
1522 4802 1533 4843 .'

323 4978 384 5054 k»)
406 4980 476 5042 tran
499 4978 586 5063 supra
609 4986 637 5059 ς
657 4994 719 5055 289·
735 4977 928 5050 marinam
1020 4974 1094 5051 bb)
1115 4984 1262 5053 ptumo
1280 4931 1337 5053 rap
1356 4942 1441 5053 aa,
1460 4966 1479 5039 ἤ
1496 4998 1544 5052 a«,
1568 4938 1616 5036 „ss

297 5068 425 5133 notauit.
978 5085 1072 5144 τψῃ
1090 5069 1277 5153 Σατῳβρᾳ
1304 5056 1346 5129 a’r.

338 5172 405 5237 att·
426 5148 470 5215 st
492 5168 523 5235 n
545 5168 591 5227 39·
611 5164 643 5213 et
662 5170 694 5233 t·
717 5166 773 5221 tn
