4642 6992
784 1272 894 1347 cnr
907 1276 940 1347 v
954 1274 992 1351 T
1014 1276 1071 1354 n.
1337 1266 1340 1288 ¹
1503 1288 1576 1391 ,91

686 1402 691 1413 '
950 1382 954 1389 ’
1112 1433 1148 1481 g
1545 1472 1547 1475 ,
1591 1398 1795 1487 Imp.1oan.

741 1552 745 1559 ,
821 1499 852 1547 a.
877 1480 916 1549 C.
943 1500 1036 1569 ¹34⁴·
1591 1501 1639 1579 aa
1664 1490 1737 1561 Pal.

285 1618 329 1667 ae
349 1588 476 1673 violet,
500 1606 619 1691 rogat:
655 1582 709 1662 sed
733 1616 752 1662 a
778 1586 1023 1690 Pheraeonim,
1053 1601 1119 1668 iam
1145 1594 1202 1669 fibi
1229 1595 1440 1691 deditomm,
1470 1632 1578 1709 oppu.

283 1697 440 1871 grisione
472 1688 629 1776 defistat,
665 1712 698 1767 et
723 1694 810 1770 beiso
841 1703 1048 1803 attentatis,
1063 1724 1130 1801 pro
1163 1726 1274 1775 eoae
1309 1705 1428 1807 possit,
1469 1719 1579 1813 opitu.

776 1968 779 1973 .
862 1900 894 1997 §.
919 1926 987 1974 aaa
1092 1986 1100 1997 ι

818 2047 848 2093 ⁸·
878 2027 1030 2117 01345·
1113 2037 1141 2087 ’-

378 2156 602 2207 nomento
629 2128 786 2204 emedio
811 2136 876 2205 iam
901 2130 1024 2230 snbsato
1041 2136 1094 2221 ἱ),
1120 2136 1251 2213 Crasem
1276 2166 1432 2243 qnoque,
1457 2165 1494 2221 vt
1517 2148 1564 2221 iu·
1600 2170 1674 2264 159⁸

276 2239 318 2309 rit
339 2236 537 2309 violatorem
563 2254 595 2305 et
616 2229 855 2333 foediiragum,
877 2232 936 2310 fibi
962 2232 1181 2312 vlciscendum
1205 2238 1357 2316 decreuit.
1444 2245 1567 2325 nidum

277 2358 437 2422 aemeret,
461 2333 547 2409 bello
570 2338 803 2408 Romanorum
830 2356 948 2410 mutuo
974 2332 1120 2413 fonditus
1143 2342 1257 2416 vaslari
1273 2350 1413 2429 omnia,
1453 2376 1586 2433 ecnms,

276 2437 408 2539 perctrffi
436 2465 516 2509 cum
539 2462 581 2509 eo
605 2431 769 2518 foederis,
802 2458 836 2509 et
860 2436 933 2510 alias
956 2440 1049 2513 arbes
1075 2446 1246 2517 Romanae
1273 2443 1402 2519 ditionis
1428 2475 1566 2549 occupa·

276 2563 343 2624 rat,
373 2560 407 2613 et
435 2540 551 2613 Pheras
587 2534 708 2612 diutina
732 2533 905 2612 obsidione
939 2565 1114 2637 prement,
1146 2541 1187 2616 ad
1219 2542 1430 2625 miserabilem
1457 2554 1564 2625 vietus

275 2646 417 2741 inopiam
445 2638 635 2739 redegerat,
661 2659 719 2721 vt,
752 2638 851 2737 panso
880 2640 952 2739 posi
979 2642 1030 2713 issa
1064 2639 1095 2716 se
1128 2650 1335 2744 potitunrm,
1371 2648 1565 2727 consideret.

274 2743 372 2817 Simus
394 2767 506 2844 porro
533 2768 575 2813 ex
602 2741 715 2812 ineolis
742 2737 875 2840 quidam
891 2742 1107 2827 laborabant,
1140 2767 1177 2820 vt
1202 2753 1312 2832 ciues,
1344 2746 1470 2825 desertis
1495 2758 1564 2827 Ro·

274 2850 391 2926 manis,
419 2840 466 2915 ad
491 2840 656 2916 Triballot
681 2841 766 2916 vstro
793 2839 990 2917 defirerent:
1040 2847 1131 2918 uibus
1151 2847 1285 2935 crates,
1320 2846 1345 2923 fi
1372 2878 1418 2951 po
1444 2853 1500 2927 ulo
1526 2850 1564 2927 id

272 2941 513 3049 fasiosiffent,
548 2941 746 3043 magistratus
775 2944 859 3016 vrbis
894 2872 1131 3044 desponierat,
1163 2976 1307 3050 qnorum
1337 2880 1563 3056 antesignanos
1652 2972 1659 2982 ’
1701 3027 1706 3046 ,

273 3070 333 3123 nat
353 3044 497 3122 Mannel
521 3040 662 3126 Asanee,
686 3050 793 3117 irenes
817 3051 1027 3145 imperatricis
1052 3069 1193 3147 patrous.
1244 3053 1473 3129 Constantinus
1508 3085 1563 3131 an·

271 3146 334 3223 tem'
355 3147 595 3246 Paiaeologue,
619 3144 801 3219 Andronici
817 3152 1022 3245 imperatorie
1033 3171 1189 3249 patruus,
1214 3172 1247 3225 et
1260 3157 1451 3231 Demetrius·
1466 3163 1561 3235 Zam·
1644 3172 1647 3177 '

271 3253 382 3353 placo,
410 3248 609 3321 Tribassrcae
632 3244 767 3320 factioni
794 3245 1018 3341 aduersantes,
1044 3258 1199 3323 Romanis
1223 3249 1447 3341 fauebant,-
1465 3279 1498 3338 et
1520 3260 1561 3333 ab
1584 3264 1587 3275 ’

272 3360 464 3453 imperatore
490 3349 606 3424 anxisia
632 3347 825 3448 flagitabant.
879 3355 1013 3424 Horum
1041 3348 1186 3427 conscius
1200 3357 1400 3453 imperator,
1426 3359 1559 3435 Crasem

272 3482 325 3555 per
345 3457 472 3554 legatos
497 3447 762 3525 conueniendum
788 3450 1002 3553 existimauit:
1028 3450 1110 3527 etsi
1136 3451 1271 3627 §uidem
1299 3462 1409 3533 Pheris
1434 3460 1560 3535 absiste·

273 3578 335 3638 eet,
358 3554 415 3629 sibi
445 3581 583 3655 quoque
606 3550 741 3637 foedera
766 3572 799 3625 et
822 3558 1000 3628 iuramenta
1025 3552 1138 3628 seman
1161 3582 1204 3626 a:
1238 3554 1288 3631 sin
1318 3558 1371 3635 isle
1405 3566 1498 3661 prior
1522 3588 1564 3639 en
1607 3602 1612 3621 ι

271 3652 476 3761 profanaret,
500 3653 601 3733 Persia
629 3678 763 3755 quoque
786 3651 983 3731 adimoribm
1006 3654 1241 3731 inuadendum.

793 3850 800 3873 ⁸
857 3825 888 3921 §.
915 3849 984 3913 203.

361 3952 510 4059 Qrando
536 3956 632 4054 igitur
657 3948 760 4026 visum
788 3948 833 4021 esi
858 3972 1065 4036 maturum„
1083 3950 1179 4045 miss'o
1205 3957 1329 4029 Ioanne
1361 3960 1554 4054 Bryennio,

269 4076 301 4132 vt
321 4061 435 4132 Pherae
462 4056 680 4154 relinqueret,
707 4056 852 4126 bortatur
876 4052 932 4125 est
957 4056 1070 4129 vrbem
1097 4052 1152 4127 sna
1176 4054 1342 4131 interesse:
1369 4088 1407 4132 ac
1433 4060 1474 4135 de
1488 4092 1557 4137 cae·

268 4177 332 4234 tero
357 4188 429 4233 nec·
445 4158 516 4239 ilii,
542 4184 604 4229 nec
628 4160 779 4254 cuiqnam
796 4156 966 4229 Romanae
984 4159 1051 4230 vrbi
1065 4162 1239 4259 negotium
1256 4160 1429 4237 exhiberet.
1458 4160 1558 4264 Apud

267 4255 456 4361 sequidem
478 4258 560 4333 illius
584 4255 829 4347 beneuolentiae
854 4259 1105 4359 honorumque,
1131 4262 1246 4358 quibus
1271 4258 1471 4361 praesentem
1497 4262 1558 4339 do·

266 4359 403 4436 misnae
427 4355 689 4442 cohonestasset,
716 4384 886 4456 nunquam
910 4364 1188 4437 intermorituram
1202 4360 1264 4436 esse
1277 4370 1498 4439 memoriam:
1525 4384 1558 4441 et

266 4490 399 4564 aeqtmrn
424 4466 592 4545 arbitrari,
619 4459 861 4534 beneficientiae
885 4461 1077 4537 meminisse.
1128 4469 1237 4561 Qrare
1274 4492 1349 4537 cum
1383 4464 1434 4539 iiie
1466 4462 1556 4563 apud

266 4567 457 4643 Renboeam
483 4560 603 4637 foedus
629 4558 843 4644 retrasbasset,
870 4588 908 4634 ac
934 4564 1043 4664 postea
1071 4562 1240 4637 manifeste
1262 4592 1353 4637 arma
1378 4564 1555 4651 mouisset,

265 4664 437 4768 sancitaque
461 4662 594 4739 foedera
619 4685 728 4763 aperte
755 4658 919 4738 violasset:
954 4694 1026 4739 non
1051 4660 1083 4739 se
1109 4671 1153 4737 ira
1178 4663 1346 4751 exn-fisse,
1383 4696 1490 4769 neque
1512 4666 1556 4741 ad
1637 4744 1640 4753 ,

264 4770 435 4845 vindisiam
462 4769 674 4853 incumbere3
698 4761 754 4838 sed
780 4793 817 4837 ea
842 4790 1000 4839 renouare
1016 4762 1172 4847 voluisse,
1201 4788 1233 4840 et
1250 4773 1429 4854 amicitiae,
1454 4797 1554 4871 quan·

263 4888 325 4951 itm
347 4878 515 4970 potuerit,
552 4874 689 4971 gratiam
712 4862 857 4946 retulisse,
912 4866 1012 4967 Qod
1039 4866 1065 4940 fi
1091 4864 1222 4967 obsequi
1248 4866 1392 4955 recuset,
1426 4892 1552 4946 contra·
1593 4911 1597 4920 ·

265 4996 322 5073 que
344 4970 463 5051 foedus
486 4999 583 5077 agere
608 4992 640 5047 et
662 4974 811 5047 iniuriam
838 4961 956 5043 inserte
981 4996 1053 5044 non
1077 4966 1223 5061 desinat3
1255 4966 1310 5045 sed
1342 4973 1433 5048 vrbes
1465 4972 1550 5149 gbsi-

813 5072 895 5147 00
946 5096 966 5147 a
1087 5092 1092 5099 ·
1490 5101 1544 5153 ere

260 5244 355 5399 dte
379 5240 870 5324 canracvzaa.T.1Lp.65a,
961 5236 997 5319 t)
1022 5234 1070 5303 ct.
1093 5237 1265 5322 Batgarr‘ca
1286 5247 1313 5325 t
1336 5258 1405 5333 4⁷9·

168 5357 173 5408 r
739 5375 742 5382 ·
852 5390 860 5408 .
