4642 6992
1160 1079 1570 1179 nrssrconvru

1219 1407 1223 1416 Ι
1284 1328 1312 1373 a.
1338 1306 1377 1375 C.
1402 1325 1472 1393 97¹·

1216 1454 1234 1513 ²
1341 1451 1459 1564 tn?

704 1678 710 1686 ‚
826 1596 966 1687 chahae
992 1612 1099 1661 autem
1125 1588 1408 1687 Sphendollhlabo
1434 1589 1602 1659 coniunsli
1616 1640 1626 1670 ,
1652 1587 1798 1659 auctores
1825 1592 1853 1659 ei
1885 1584 2041 1675 suemnt,

725 1716 760 1771 vt
787 1722 862 1769 curn
889 1694 1039 1765 omnibus
1066 1694 1190 1787 copiis,
1216 1693 1465 1762 numerabantur
1489 1711 1597 1760 autem
1630 1704 1770 1759 trecenta
1810 1694 1939 1788 triginta
1968 1703 2042 1766 uiro·

727 1825 801 1869 rum
829 1794 949 1880 millia,
977 1790 1152 1865 duodecim
1178 1812 1252 1863 ante
1281 1789 1498 1864 Doroslolum
1534 1788 1716 1860 milliaribus
1757 1788 1853 1860 casira
1892 1813 2043 1889 poneret;

670 1894 719 1971 38·
729 1901 835 1997 ibique
862 1900 1061 1994 imperatoris
1088 1891 1264 1964 aduentum
1290 1890 1449 1991 intr-pide
1480 1886 1711 1989 exspectarunt
1758 1888 1806 1961 rlt
1844 1894 2044 1979 Romanor,
2154 1935 2155 1984 l

643 2030 647 2039 ·
705 2001 906 2073 -recentibus
932 1998 1071 2071 'villoriis
1099 1993 1219 2085 elatos,
1245 1998 1365 2070 etiam
1391 1999 1455 2063 iarn
1482 1990 1523 2063 de
1547 1988 1673 2063 summa
1697 2016 1807 2061 rerum
1838 1994 1968 2091 proelio
1998 1998 2044 2070 de·
2154 2047 2155 2088 4

732 2122 888 2173 certatum
915 2102 952 2167 iri
979 2092 1158 2193 sperantes,
1186 2090 1316 2167 scientes
1341 2088 1490 2191 insuper,
1513 2097 1624 2165 Deum
1649 2088 1682 2164 se
1706 2094 1823 2165 habere
1853 2093 2045 2181 adiutorem,
2154 2099 2155 2106 '

727 2208 782 2301 qui
812 2228 880 2272 non
907 2194 1130 2271 inserentibus,
1158 2192 1212 2267 sed
1238 2192 1329 2294 pallis
1354 2199 1526 2285 iniuriam,
1551 2191 1699 2293 opitulari
1722 2188 1858 2273 soleret,
1893 2223 1966 2269 non
1998 2225 2045 2271 eor
2154 2211 2155 2276 l

654 2370 657 2377 ,
726 2302 857 2381 modo,
884 2303 937 2395 qui
964 2292 1153 2367 fortitudine
1179 2295 1243 2367 aliis
1268 2296 1451 2378 anteibant,
1478 2292 1531 2369 sed
1557 2300 1621 2365 iam
1656 2314 1689 2367 et
1713 2292 1896 2387 timidiores,
1916 2301 2055 2373 alacritas
2154 2339 2155 2366 i

724 2424 758 2477 et
783 2399 912 2473 andacia
938 2392 1126 2479 incessebat,
1151 2394 1339 2496 ardentique
1364 2423 1495 2497 pugnae
1515 2392 1684 2470 desiderio
1709 2396 1918 2496 agitabantur.

1313 2585 1359 2681 b
1386 2606 1436 2677 59·

831 2724 886 2815 a)
914 2723 979 2795 Vbi
1004 2726 1036 2791 in
1065 2715 1276 2818 conspectum
1302 2737 1420 2791 mutuo
1446 2744 1564 2791 venere
1590 2723 1770 2810 exercitus,
1805 2734 1964 2823 ‘vtroque
1993 2728 2045 2794 in·
2154 2813 2155 2816 Ἴ

727 2847 877 2929 peratore
899 2822 935 2893 3)
958 2820 1030 2893 suos
1058 2821 1172 2905 ditiis,
1198 2820 1302 2922 qualia
1352 2814 1482 2891 raesrerrti
1509 2824 1555 2891 rei
1578 2819 1826 2894 accommodata
1852 2846 1966 2908 erant,
1989 2828 2046 2894 ani·
2154 2819 2155 2846 *

658 3008 661 3011 ,
729 2948 839 3001 inante
865 2942 959 3021 atque
984 2924 1172 3022 instigante,
1199 2947 1233 2998 vt
1258 2920 1287 2992 cl
1330 2948 1418 2992 rcum
1446 2926 1581 3003 cecinit,
1607 2950 1827 3022 magnacum
1862 2931 1894 2999 vi
1926 2932 2046 3024 parique

729 3030 885 3102 alacritate
911 3021 1104 3096 concursum
1131 3022 1184 3097 en.
1234 3027 1344 3094 Primo
1369 3022 1525 3098 continu
1551 3027 1717 3107 Romani,
1750 3023 2046 3099 vehementi-sac'lo
2154 3101 2155 3122 q

728 3138 877 3230 impetu,
905 3125 1011 3195 multis
1036 3124 1165 3197 deiectis
1189 3123 1331 3195 hostium
1357 3121 1485 3195 ordines
1509 3120 1709 3198 labefactant.
1734 3150 1841 3225 neque
1868 3148 1978 3199 tamen
2006 3151 2049 3197 ce·
2154 3213 2155 3216 Ἴ

722 3230 814 3306 ¹dunt
839 3226 967 3301 hostes:
994 3252 1101 3327 neque
1126 3230 1285 3298 Romanis
1312 3250 1368 3295 eos
1394 3220 1604 3323 persequendi
1628 3223 1721 3299 datur
1743 3222 1898 3306 facultas,
1934 3231 2050 3321 scythi·

729 3328 792 3407 sese
819 3327 1105 3409 confirmantibus,
1132 3322 1322 3423 rursumque
1348 3320 1469 3397 sublato
1501 3326 1644 3400 clamore
1669 3332 1703 3399 in
1735 3330 1910 3403 Romanos
1940 3336 2051 3401 irruen·
2154 3389 2155 3406 ,

726 3436 817 3507 tibus.
865 3434 1029 3527 Pugnatur
1054 3424 1277 3527 aliquantisper
1300 3452 1406 3525 aequo
1431 3447 1545 3506 marte,
1570 3434 1635 3501 iam
1667 3446 1779 3502 autem
1817 3429 1859 3504 ad
1894 3429 2050 3529 vesperam
2154 3457 2155 3460 ’

728 3535 902 3607 inclinante
929 3526 1003 3611 die,
1029 3534 1172 3603 Rotnani
1197 3523 1260 3601 sese
1285 3530 1514 3611 cohortantes,
1552 3549 1585 3602 et
1618 3528 1716 3604 veluti
1752 3554 1905 3605 acuentes
1943 3533 2051 3608 mutuis
2154 3589 2155 3610 ,

729 3632 1031 3715 exhortationibus,
1056 3628 1216 3703 surillrum
1242 3632 1440 3722 Scytharum
1466 3655 1569 3701 cornu
1589 3651 1765 3731 premunt,
1790 3654 1845 3728 et,
1872 3631 2051 3707 intolerabili
2154 3647 2155 3674 ³

729 3744 762 3811 vi
789 3742 996 3835 ingruentes,
1022 3732 1142 3806 multos
1169 3730 1385 3829 prosternunt.
1413 3757 1554 3829 cumque
1580 3732 1621 3803 ad
1647 3729 1799 3805 afflictam
1827 3758 1958 3833 partem
1981 3738 2052 3825 Scy·

731 3842 806 3913 thae
831 3836 867 3897 z)
894 3838 1041 3916 coirent,
1066 3830 1197 3905 suorum
1232 3830 1389 3932 quosdam
1424 3836 1593 3905 Romanus
1630 3837 1807 3931 imperator
1837 3833 1904 3908 suis
1944 3836 2052 3908 auxilio

732 3942 852 4016 mittit,
878 3928 1007 4033 ipseque
1031 3930 1249 4033 subsequitur,
1277 3937 1391 4031 apertis
1417 3960 1494 4006 cum
1521 3939 1646 4031 imperii
1679 3934 1799 4035 signis,
1837 3964 1929 4037 equo
1966 3938 2054 4009 calm·

730 4042 816 4115 ribus
842 4040 999 4124 incitato,
1025 4056 1056 4109 et
1081 4037 1205 4111 hallam
1232 4030 1389 4106 infensam
1415 4031 1544 4119 serent,
1569 4035 1708 4136 suosque
1733 4038 1835 4109 verbis
1869 4037 2052 4112 exstimulat
2154 4049 2155 4054 ’

730 4142 898 4221 Acerrime
923 4156 1002 4210 tunc
1025 4158 1232 4239 pugnatum,
1256 4156 1288 4210 et
1312 4139 1403 4211 variis
1430 4138 1549 4213 vicibus
1579 4137 1722 4238 proelio
1744 4156 1896 4225 mutato,
1940 4138 2055 4214 duode-

1115 4272 1118 4279 ’
1996 4266 2053 4313 crea

777 4426 825 4507 λ)
849 4440 951 4490 zon:
977 4423 1076 4491 Vtin
1101 4422 1230 4512 hostium
1256 4420 1439 4507 corspeffam
1464 4436 1585 4492 ventrm
1611 4426 1672 4511 est,
1691 4427 1783 4493 ambo
1807 4433 1966 4495 exercitas
1994 4426 2056 4514 sla·

692 4528 695 4533 ·
869 4514 927 4576 tim
950 4512 1108 4599 congnffl,
1133 4531 1282 4593 magnam
1309 4512 1369 4575 diei
1394 4524 1519 4595 partem
1552 4535 1647 4598 aequo
1674 4516 1783 4580 Marte
1808 4524 2056 4597 pugnauerint,
2154 4551 2155 4562 ,

869 4598 960 4662 donec
976 4596 1035 4681 sub
1061 4596 1260 4682 crepusculum
1283 4596 1363 4681 Ruffi
1387 4599 1554 4681 defatigati
1574 4606 1604 4665 in
1618 4602 1734 4685 figam
1761 4604 1971 4666 inclinarunt:
1999 4598 2056 4664 Rv-

868 4688 1027 4769 manisque
1048 4682 1309 4769 persequentibus,
1337 4686 1425 4748 malti
1447 4688 1522 4772 caeſs
1535 4682 1637 4770 sunt,
1668 4709 1719 4752 nec
1743 4691 1912 4772 pauciores
1949 4688 2057 4770 capti:

799 4840 803 4847 ,
867 4775 982 4837 caeteri
1004 4772 1200 4857 Dorostorum
1237 4782 1458 4853 crecrpermt.
1618 4778 1622 4783 ’
1719 4786 1734 4803 ·
2154 4777 2156 4786 ’

774 4888 816 4947 tt·
841 4896 940 4945 cunr.
966 4883 1009 4946 T.
1033 4886 1066 4945 11.
1079 4904 1107 4965 p.
1123 4892 1184 4960 675.
1197 4886 1301 4943 zonat.
1314 4876 1334 4938 l.
1348 4900 1372 4943 c.
1465 4884 1514 4964 z)
1537 4905 1591 4944 m
1614 4886 1676 4942 Pas.

771 4982 793 5043 y
805 4964 825 5039 )
849 4990 920 5027 rara
944 4974 1083 5041 βασιλευς
1109 4992 1156 5049 tuq
1180 4991 1218 5028 rr
1254 4961 1373 5039 20er-

733 5046 848 5123 δλκβι.

1386 5183 1567 5246 “,Ι
