4642 6992
687 1195 816 1296 ‘oa
854 1200 1112 1278 senune.-
1420 1249 1424 1255 .
1498 1221 1556 1301 η,

277 1400 467 1572 ptTettedrir
491 1393 560 1500 filia
583 1391 727 1483 traditio,
759 1425 839 1474 carm
854 1425 951 1474 noua
975 1405 1115 1500 coniuge
1140 1399 1193 1496 [a
1219 1403 1261 1480 C.
1286 1401 1408 1500 1299]
1423 1409 1459 1482 iu
1483 1408 1560 1480 Ser·

277 1513 357 1581 uiam
381 1527 417 1572 re
440 1503 486 1572 iit.
575 1533 579 1539 ·
948 1561 952 1566 ,
1436 1551 1439 1558 .

371 1627 435 1674 ern
460 1596 553 1670 idem
577 1595 704 1698 tempus
731 1599 863 1684 Turci‚
890 1606 1140 1699 tunc'primum
1167 1605 1200 1674 in
1225 1605 1395 1701 Enro'parn
1429 1597 1523 1676 effuse
1544 1653 1560 1685 ,

278 1708 543 1876 δαωιςὲωᾙιοφιο
567 1705 801 1772 innotuerunt:
827 1706 947 1872 (puppe
974 1707 1030 1802 qui
1060 1729 1191 1776 nunca
1223 1706 1381 1776 Romania
1414 1706 1490 1778 victi
1516 1697 1560 1775 ad

277 1829 328 1878 eor
450 1817 592 1901 gerent,
614 1827 715 1872 nuno
727 1801 767 1872 ab
794 1805 829 1872 iis
855 1829 928 1885 em,
958 1797 991 1874 se
1016 1807 1176 1876 Romanis
1202 1799 1469 1904 adiungentibne,
1496 1803 1560 1876 bel·

277 1905 307 1981 io
326 1916 517 2002 peterennrr'.
569 1905 658 1975 Ortir
680 1925 760 1974 vero
785 1927 857 1974 non
881 1901 937 1975 diu
963 1902 1037 2001 post
1061 1907 1116 1996 [a.
1144 1908 1183 1977 C.
1210 1895 1561 1999 1321.]inter‘Audro·

278 2013 382 2088 nicos,
407 2031 510 2076 auum
531 2021 568 2073 et
591 2021 773 2099 nepotem,
798 2001 941 2076 ciuilibus
978 1998 1166 2088 discordiis,
1201 2003 1410 2078 Andronicus
1449 2010 1558 2078 iturior

277 2135 329 2208 per
349 2106 498 2206 legator,
523 2127 607 2202 quoa
635 2104 755 2184 crate,
769 2099 810 2172 ad
832 2101 1062 2176 Andronicum
1085 2099 1247 2177 seniorem
1273 2101 1421 2188 miserat,
1446 2120 1480 2180 vt
1493 2109 1559 2178 Co·

278 2231 444 2280 manonun
470 2203 609 2286 auxilia,
634 2227 716 2301 qnae
741 2200 876 2303 abipso
903 2218 1093 2303 acceperat,
1116 2223 1322 2303 repeterent,
1347 2203 1404 2278 fibi
1417 2203 1561 2280 eturdem

280 2329 383 2384 contre
404 2332 507 2380 auum
531 2297 656 2402 socium
682 2301 837 2380 adiunxit.
889 2305 998 2380 Croiee
1023 2309 1112 2378 tunc'
1127 2302 1263 2405 quidem
1298 2306 1379 2380 nihil
1415 2311 1559 2389 mouit,
1656 2319 1659 2324 '

280 2430 308 2484 et
327 2404 445 2482 eodem
468 2400 541 2478 sere
565 2425 741 2506 tempore,
767 2429 835 2504 quo
862 2409 1072 2506 imperatores
1097 2410 1180 2480 inter
1203 2401 1236 2478 se
1264 2406 1423 2480 conciliati
1448 2401 1557 2490 sunt,
1639 2477 1642 2487 ,

364 2502 616 2686 cemma,
639 2600 749 2692 Vrofii
773 2603 883 2688 filine,
907 2631 1019 2679 rerum
1044 2609 1189 2706 potino,
1213 2608 1343 2680 Ioannis
1373 2608 1559 2724 panhyper-
1679 2619 1682 2626 ⁴

281 2703 378 2784 sebasti
399 2709 466 2780 fitia
490 2711 525 2778 in
550 2707 799 2778 matrimonium
825 2704 945 2790 dudio,
970 2704 1083 2781 socero
1113 2711 1194 2780 vires
1214 2703 1281 2781 snas
1293 2705 1461 2800 adiunxit,
1487 2733 1557 2806 qur·
1652 2783 1657 2788 ,
1740 2689 1748 2700 ’

281 2813 332 2884 but
353 2810 395 2885 iiii
418 2811 615 2882 Romanam
640 2809 815 2904 imperium
840 2809 1037 2907 acquireret:
1063 2801 1117 2880 sed
1141 2812 1265 2880 Ioanne
1291 2827 1324 2879 vt
1348 2835 1425 2880 cum
1456 2811 1561 2908 impe·

282 2917 418 2991 ratorein
430 2911 569 3010 gratiam
583 2901 702 2978 rediret
725 2901 899 3006 perfitaso,
924 2927 955 2979 et
979 2905 1046 3008 ipse
1070 2933 1188 3007 pacem
1214 2903 1357 2982 sentauit.
1407 2911 1561 2980 Renoua·

284 3033 315 3086 to
336 3013 384 3106 [a
408 3015 448 3085 C.
475 3013 584 3104 1322]
608 3011 692 3079 inter
716 3005 924 3097 Andronicus
949 3007 1059 3094 bello,
1084 3035 1161 3080 auus
1195 3008 1326 3092 Craiem
1359 3007 1475 3082 auxilia
1506 3033 1562 3081 ro-

285 3118 370 3215 gout
414 3105 570 3186 Submifit
600 3110 681 3180 haec
712 3106 846 3208 quidem
882 3109 1014 3199 Crales3
1049 3104 1104 3180 sed
1136 3110 1224 3180 breui
1256 3107 1352 3208 post,
1377 3104 1560 3196 {accedente

286 3241 352 3286 nrm
372 3217 515 3287 exercitu
540 3205 735 3282 Andronico
760 3213 913 3292 iuniore,
949 3217 1052 3298 crnn,
1075 3213 1131 3310 qui
1156 3205 1231 3306 ipsis
1255 3205 1388 3282 aderant
1414 3211 1562 3283 Romani

286 3314 393 3398 ducet,
418 3317 510 3413 prius
532 3305 648 3410 sugam
674 3303 840 3393 fecissent,
863 3314 967 3383 Sentii
991 3335 1147 3411 qnoque,
1174 3307 1261 3382 nuda
1289 3336 1329 3382 re
1365 3309 1473 3409 gesta,
1500 3305 1568 3381 don

286 3442 368 3488 mum
394 3415 552 3486 abierunt·
599 3417 635 3482 N
679 3436 720 3482 ue
742 3409 855 3509 postea
881 3411 1014 3496 Craier,
1036 3412 1111 3484 iicet
1137 3436 1214 3482 cum
1239 3413 1381 3482 exercitu
1406 3406 1449 3482 ad
1476 3406 1568 3482 finer·

285 3519 373 3590 Rom
394 3540 459 3615 pro
545 3536 604 3594 us,
629 3539 649 3582 v
673 3508 849 3595 o-modo,
872 3531 907 3584 vt
931 3510 1158 3587 Andronicum
1189 3515 1352 3584 irmiorem
1390 3515 1481 3612 prior
1512 3535 1566 3582 ar-

284 3623 338 3688 mis
358 3611 560 3694 adoriretur,
584 3609 701 3702 adduci
724 3617 842 3711 pontit.
892 3613 957 3685 Sub
980 3610 1016 3686 id
1063 3637 1173 3714 noque
1185 3632 1312 3710 tempus
1337 3597 1443 3708 [assC'.
1457 3611 1559 3706 1330]
1585 3645 1588 3656 ·

283 3717 413 3794 Michael
437 3713 655 3814 Btdgarorum
680 3737 739 3786 rex
763 3709 884 3796 sudam
909 3707 1013 3793 sorori
1037 3639 1153 3798 since
1180 3712 1299 3794 Crale,
1332 3717 1387 3813 qui
1413 3737 1487 3786 eam
1510 3735 1560 3784 re·

285 3817 484 3918 pudiauemt,
512 3813 636 3888 vitunu
658 3815 830 3896 imunam,
856 3819 964 3888 mouit
986 3819 1021 3887 in
1045 3842 1123 3888 eum
1146 3839 1260 3898 arma,
1285 3811 1478 3887 Andronico
1512 3815 1559 3884 iu·

284 3925 387 4002 niore,
409 3941 562 4018 quocum
585 3909 703 3986 foedio
728 3909 921 4015 percusserat
944 3915 1112 4004 Michael,
1137 3909 1170 3987 se
1194 3941 1235 3988 ex
1268 3908 1327 3986 alia
1357 3933 1448 4014 parte
1481 3937 1559 3984 eun·

285 4017 351 4093 dem
373 4019 576 4092 adoriturnm
598 4014 756 4113 pollicito.
809 4019 898 4088 Cum
923 3997 1065 4090 exercitu
1090 4023 1198 4115 itaque
1223 4017 1368 4088 Serniam
1403 4007 1558 4113 ingress‘ur

247 4167 261 4190 .
284 4119 439 4204 Michael,
464 4146 482 4190 a
509 4115 606 4190 ente
631 4141 690 4215 per
712 4136 841 4222 tempor
863 4113 1089 4200 induciarum,
1115 4143 1193 4215 quas
1215 4121 1254 4186 in
1281 4111 1369 4188 diem
1388 4138 1559 4210 rnttmpa-

286 4224 445 4302 dietant,
468 4215 572 4290 subito
599 4211 787 4318 oppress'ue,
812 4221 972 4301 vincimr,
999 4223 1194 4312 etmaxima
1209 4209 1341 4288 suorum
1366 4217 1561 4313 paneam
1615 4249 1617 4254 ,
1678 4229 1682 4234 .

280 4319 338 4411 sc,
353 4317 415 4421 ipse
440 4319 622 4398 uulneratus
646 4322 683 4390 in
704 4317 850 4390 hostium
876 4343 990 4391 manua
1014 4323 1124 4401 venit,
1150 4317 1283 4390 etbreui
1295 4315 1368 4414 post
1381 4309 1561 4414 exspirauit.

286 4425 447 4497 Caeterum
471 4418 604 4502 cralo,
624 4421 662 4492 iu
692 4422 946 4517 imperatorem,
971 4424 1028 4520 qui
1052 4447 1129 4492 cnm
1153 4421 1297 4490 exercitu
1315 4421 1347 4488 in
1360 4415 1558 4488 finibusSer·

287 4527 403 4642 riorum
427 4543 460 4594 et
483 4524 715 4637 Ronmorum
740 4517 861 4638 stabat,
884 4517 966 4593 nihil
990 4545 1154 4639 ¹¹.²⁰¹¹⁸¹¹.⁸’
1177 4523 1285 4616 cupiat
1317 4513 1455 4588 reduxit.
1505 4513 1558 4686 Ab

286 4618 579 4821 ffiffiffi
592 4619 973 4819 ,iffissd‘tssdssnss
997 4641 1152 4797 Attis„
1165 4611 1430 4815 Pa‘infiuii'iim
1445 4638 1561 4788 AA

285 4825 369 4898 Filius
391 4828 481 4896 enim
506 4816 565 4918 ipfi
579 4846 621 4894 ex
633 4825 735 4918 priori
751 4828 896 4921 'coniuge
918 4815 1106 4919 susceptor,
1128 4845 1226 4902 cum,
1250 4843 1295 4888 ne
1319 4817 1476 4898 eliberit,
1502 4815 1576 4914 qui·

285 4930 358 5024 pam'
380 4952 421 4997 ex
446 4919 598 4996 Eudocia
619 4927 686 4996 nati
710 4940 824 5002 erant,
852 4946 956 5020 regno
990 4919 1124 4996 tandem
1159 4915 1376 5019 spoliaretur,
1409 4921 1565 4998 timeret,

287 5021 497 5114 defectionem
522 5017 758 5105 meditatum
829 5023 1002 5106 oeenbus,
1034 5046 1199 5096 nouarum
1236 5045 1346 5092 rerum
1380 5012 1560 5098 studiosis,

288 5123 512 5236 dagirxadhuc
536 5119 580 5196 ad
601 5127 744 5226 inpium
765 5047 851 5200 idid
875 5149 916 5199 aa
937 5117 1105 5206 scdeitnm
1130 5117 1304 5199 confilium
1315 5111 1562 5234 exsequendum

1514 5239 1566 5288 Q

1000 5332 1006 5353 t
