4642 6992
636 1156 651 1173 ”
712 1233 714 1239 v
784 1208 1104 1289 carvrxvt.
1534 1199 1609 1311 a„

1482 1404 1571 1440 l!

775 1476 795 1527 ,ι
833 1438 865 1485 a.
886 1416 926 1489 C.
953 1434 1038 1505 1195·

1607 1292 1696 1401 Imp,
1722 1334 1810 1387 ,acn-
1880 1353 1887 1363 ,

1611 1421 1674 1465 xro
1696 1405 1745 1469 ΙΙΙ.
1855 1437 1858 1444 ·

1523 1511 1525 1516 ·
1605 1488 1711 1560 eume.

269 1556 392 1660 ig‘it'ut,
419 1558 601 1649 reuertere,
627 1572 755 1725 ucspue
780 1549 922 1628 domum
946 1548 1102 1638 reducito,
1151 1556 1334 1627 Praeterea,
1342 1557 1514 1656 inopinato
1526 1580 1596 1629 me·
1662 1571 1665 1576 ⁴

270 1682 307 1732 tu
340 1654 554 1773 coadunati,
582 1648 670 1755 quali
719 1650 802 1727 ostes
828 1681 847 1729 a
872 1674 965 1753 tergo
991 1650 1168 1740 instarent,
1189 1674 1223 1729 et
1248 1660 1355 1729 omnis
1381 1655 1508 1759 geberic
1531 1656 1596 1731 tela

270 1750 495 1843 coniicelent,
526 1748 625 1861 effuse
647 1750 810 1871 sugerunt.
1401 1765 1404 1770 ⁴

379 1928 580 2043 imperatore
604 1940 692 2017 idem
719 1966 803 2041 opus
829 1966 906 2015 cum
931 1944 1073 2013 exercitu
1106 1945 1233 2015 maiore
1266 1939 1383 2015 iteruin
1419 1962 1597 2031 tentante,

270 2038 408 2119 subinde
432 2070 483 2119 rea
507 2041 648 2119 snccellu
675 2048 791 2120 canit·
835 2047 943 2131 Quare
967 2044 1121 2127 lbancuc,
1150 2068 1228 2116 cum
1252 2047 1607 2123 nemonomanemm‘

274 2172 355 2220 cum
379 2148 515 2221 barbaria
539 2146 635 2221 vellet
659 2143 833 2247 congredi,
858 2140 1117 2219 iatralescentibua
1141 2148 1224 2217 Petri
1251 2144 1387 2243 opibur,
1415 2165 1447 2218 et
1469 2154 1599 2224 maiori·
1649 2149 1660 2155 ’

270 2246 332 2321 bnt
356 2254 392 2349 ei
412 2253 513 2347 copiir
542 2244 766 2333 affluentibus,
793 2242 961 2349 desperatis
984 2252 1077 2323 rebus
1105 2245 1268 2365 Ternolto
1295 2248 1380 2323 clun
1403 2245 1593 2351 profugus,
1639 2310 1642 2313 ,

273 2360 509 2461 imperatorem
540 2347 614 2423 adit.
679 2364 683 2371 “
843 2406 845 2413 .
1003 2433 1008 2444 ¹

430 2468 433 2477 ’
852 2452 883 2550 §.
909 2471 985 2539 240.

378 2575 424 2643 Ita
449 2572 559 2645 Petrus
584 2564 711 2643 sumana
735 2593 850 2642 rerum·
873 2564 984 2641 denuo
1009 2568 1140 2665 potitur.
1192 2560 1258 2639 Sed
1283 2594 1346 2641 uec
1371 2560 1436 2667 ipse
1461 2571 1595 2647 naturali

273 2688 385 2745 morte
410 2672 503 2760 obit;
531 2667 583 2743 sed
610 2672 707 2769 paulo
733 2671 807 2769 poll
833 2697 875 2743 eo
901 2696 968 2769 quo
994 2694 1035 2739 ue
1059 2684 1095 2738 ‘a
1120 2666 1327 2767 popularium
1360 2668 1505 2768 quodam
1534 2678 1595 2746 mi·

269 2766 442 2847 serabiliter
466 2758 618 2847 coufoffo
645 2768 703 2859 d),
727 2696 993 2872 principatus-ad
1004 2794 1202 2852 rennuere,
1229 2775 1359 2843 tertium
1374 2776 1441 2843 eius
1451 2769 1597 2858 fratrem,

273 2870 394 2947 transit.
422 2902 521 2975 quem
547 2894 617 2946 tum
642 2877 753 2947 Petrus
779 2871 960 2945 adiutorem
985 2871 1135 2944 laborum
1163 2891 1196 2943 et
1219 2877 1311 2973 regni
1337 2877 1527 2972 participem
1552 2869 1597 2949 as·

1779 2264 1788 2303 l

272 2968 435 3049 sumserat.
484 2980 513 3047 ls
540 2977 610 3047 non
634 3000 737 3072 paruo
765 2994 915 3074 tempore
942 2972 1027 3069 apud
1054 2976 1225 3047 Romanor
1251 2968 1340 3045 obses
1366 2969 1492 3057 fuerat,
1518 2985 1603 3055 cnm'
1652 2992 1658 3003 ‘

274 3080 454 3175 imperator
504 3070 636 3149 lsaacius
680 3070 866 3149 secundum·
902 3072 1010 3169 Mysas
1060 3102 1148 3147 arma
1193 3072 1372 3147 intulisset:
1421 3069 1475 3146 sed
1517 3072 1597 3177 fuga

275 3175 323 3249 cla
348 3172 397 3250 sus
430 3174 569 3250 domum
596 3172 756 3260 redierat,
782 3177 885 3251 nihilo
911 3174 1007 3251 fratre
1035 3172 1140 3248 Aiane
1167 3178 1326 3250 Romanis
1357 3170 1530 3346 {poliendis
1563 3173 1623 3252 et=
1664 3214 1667 3218 ’
1733 3216 1741 3228 ’

278 3278 286 3295 ”
326 3276 459 3350 ellandia
486 3280 605 3349 mitior.
659 3286 682 3349 Ε
717 3280 829 3367 nollro
862 3298 970 3351 autem
1005 3283 1145 3351 exercitu
1185 3302 1288 3349 nemo
1323 3301 1359 3347 rc
1372 3274 1465 3348 rstete
1497 3280 1593 3351 Petro

274 3382 406 3479 potuit:
432 3374 486 3453 sed
510 3374 652 3451 hollibus
678 3404 736 3477 pet
761 3374 822 3453 tot
836 3404 937 3453 annos
963 3398 1013 3451 tot
1039 3384 1070 3450 et
1095 3395 1197 3451 tautae
1222 3374 1527 3476 vidioriasadeptir,
1552 3406 1594 3456 eo

275 3480 365 3554 malo
390 3484 577 3555 Romanam
603 3478 838 3579 rempublicam
863 3506 922 3579 pet
946 3500 1022 3553 erato
1050 3481 1221 3559 turbante,
1251 3503 1421 3578 nunquam
1455 3478 1517 3557 vlla
1550 3488 1596 3561 vi·

276 3580 401 3673 tiocia„
424 3580 526 3660 allum
550 3580 598 3654 rei
620 3582 704 3657 benc
727 3580 889 3683 gerendae
913 3506 1123 3657 slmulacrum
1147 3580 1242 3665 nobit
1278 3578 1446 3668 arriba—

716 3840 726 3853 κ
836 3760 838 3763 ’
871 3782 902 3879 §.
928 3748 1016 3869 aar.¹

829 3990 855 4043 a.
884 3968 923 4039 C.
950 3968 1037 4058 1196.
1082 3913 1086 3929 =

375 4087 510 4169 lbancua
547 4110 628 4164 vcro
675 4114 753 4161 cum
797 4085 839 4163 ad
885 4075 1116 4189 imperatorem
1154 4076 1188 4156 se
1219 4078 1422 4169 contulisset,
1452 4088 1671 4191 benigneaor.

271 4182 458 4287 fitsceptua,
484 4194 642 4263 Romanis
666 4190 774 4263 multis
799 4196 833 4265 in
862 4193 956 4263 rebus
984 4188 1100 4263 vtilem
1133 4192 1264 4267 tranauit
1296 4211 1455 4287 operam:
1486 4195 1595 4266 homo

271 4316 429 4389 procerae
451 4290 609 4373 flaturae,
634 4290 802 4390 praelianti
834 4283 1003 4393 ingeniti,
1026 4310 1059 4364 et
1089 4284 1307 4367 rebulliffimo
1339 4314 1507 4389 corpote,
1539 4288 1596 4367 sed

272 4388 437 4465 iracundia
462 4411 510 4470 et,
529 4397 732 4487 conmmacia
762 4398 880 4475 animi,
906 4420 926 4466 e
950 4389 1041 4464 vultu
1072 4391 1240 4474 relucent,
1275 4388 1495 4485 uudenatem
1528 4400 1595 4468 eiua

182 4521 189 4527 ·
272 4490 402 4566 abunde
434 4492 609 4567 tellabatur.
643 4507 743 4594 qnare
775 4490 900 4568 tametsi
925 4497 1007 4565 iuter
1032 4494 1204 4566 Romanor
1229 4492 1373 4583 uiueret,
1398 4486 1594 4571 tamerrmo·

271 4618 323 4667 ter
345 4588 428 4667 suot
442 4590 495 4667 ad
518 4589 702 4689 facilitatem
728 4614 761 4669 et
784 4592 1038 4695 aequabilitatem
1064 4596 1201 4665 minime
1228 4581 1456 4690 componebat.
1501 4599 1595 4670 Nihi-
1628 4657 1636 4664 .

272 4694 417 4771 lominus
442 4699 619 4795 imperator
641 4722 744 4781 mm,
768 4692 964 4797 sponsalibus
988 4720 1007 4765 a
1030 4694 1287 4769 Sebabocratore
1308 4690 1491 4791 promissa,
1523 4722 1593 4773 non
1698 4698 1704 4705 ’

273 4792 450 4898 indignum
472 4816 588 4881 retra,
617 4803 744 4901 nuptias
777 4802 813 4873 iu
843 4796 1028 4905 legitimum
1059 4816 1190 4899 tempus
1219 4790 1361 4903 distulit,
1393 4794 1438 4874 ob
1468 4797 1594 4897 puellae

1506 4918 1594 4975 tene·

322 5076 379 5170 d)
412 5072 534 5181 urata
551 5106 603 5163 rc
638 5110 709 5163 ror
739 5068 932 5185 'a‘peyevm'
1004 5096 1068 5147 aar.
1092 5094 1345 5151 ercembert.
1371 5098 1489 5168 p.304.

271 5172 371 5281 ξιφσ
387 5170 582 5312 *bomem
