4642 6992
722 1236 802 1325 nn
827 1234 1142 1326 eunomus.
1355 1228 1365 1244 '
1494 1202 1585 1353 ῃ,

284 1423 485 1531 Μεαωιιτ.
536 1435 614 1521 erim
635 1440 772 1525 fratrum
798 1456 881 1535 tres,
904 1450 959 1524 alii
984 1446 1118 1551 quidem
1141 1470 1250 1526 morte
1269 1454 1425 1541 naturali,
1451 1454 1503 1531 alii
1515 1464 1584 1533 vio-
1730 1447 1738 1453 .

287 1559 397 1639 lenta,
422 1547 641 1639 ‹lecellnll'ent3
666 1550 820 1636 Samuel,
844 1556 953 1625 homo
975 1548 1254 1637 bellicolillunus,
1279 1550 1364 1631 solus
1389 1584 1497 1633 rerum
1523 1586 1584 1660 po·

287 1664 362 1732 titus
387 1655 443 1728 ell.
489 1657 581 1735 Hic,
604 1656 803 1752 imperatore
829 1651 953 1727 Basilio·
967 1657 1002 1725 in
1026 1654 1114 1727 hello
1137 1651 1289 1727 aduersus
1316 1658 1453 1735 Bardam
1493 1661 1583 1736 Sole·

290 1785 364 1832 rum
383 1775 577 1853 occupato,
604 1780 664 1851 per
689 1752 921 1828 Romanorum
956 1760 1162 1854 prouincias,
1188 1758 1393 1845 Thraciam,
1425 1760 1584 1838 Macedo·

286 1866 399 1941 niam,
422 1853 650 1937 Thessaliam,
673 1860 843 1929 Graeciam
865 1882 907 1927 ac
933 1852 1234 1956 Peloponnesum,
1258 1859 1411 1961 grall'atus
1425 1914 1440 1945 ,
1471 1862 1583 1941 mrtltis

289 1958 362 2038 lirae
385 1956 501 2031 ditioni
524 1954 656 2028 ahenis
679 1958 825 2040 orbibus,
849 1952 984 2055 Prelpae
1007 1960 1132 2058 regiam
1157 1954 1269 2035 sedem
1290 1963 1464 2036 conllituit.
1498 1961 1584 2039 Bast-

285 2062 348 2139 lius
372 2056 565 2156 simulatque
586 2084 608 2127 a
632 2057 721 2130 bellu
744 2057 890 2132 ciuilibus
912 2054 1099 2157 respirauit,
1125 2066 1158 2131 in
1186 2063 1371 2138 Samuelem
1395 2090 1487 2138 arma
1502 2092 1584 2143 con·
1632 2088 1638 2095 ’

286 2166 405 2250 nernt3
430 2159 523 2234 arbes
543 2184 565 2228 a
589 2158 733 2258 Bulgaris
754 2178 850 2232 antea
873 2180 983 2259 captas
1004 2164 1128 2261 recepit
1144 2159 1324 2260 plurimas,
1350 2184 1386 2237 et
1399 2164 1585 2267 Bulgariam

287 2286 373 2338 trans
392 2265 569 2335 Haemum
590 2264 710 2333 iteratis
734 2262 853 2333 vicibus
875 2256 1048 2334 incursauit
1104 2266 1196 2335 Cum
1221 2290 1302 2339 vero
1327 2262 1450 2339 bellum
1460 2295 1522 2368 per
1534 2290 1584 2357 27.

202 2405 210 2413 ·
260 2371 354 2457 xiam
373 2365 567 2435 extrattum·
583 2358 664 2434 esset
682 2388 806 2444 annos,
832 2360 961 2435 Baliliur
983 2361 1138 2463 Balgares
1159 2362 1205 2436 ad
1227 2370 1323 2467 regni
1352 2362 1501 2465 ipsorum
1536 2373 1584 2440 in·

287 2471 426 2540 troitum
443 2460 539 2535 dade
565 2468 717 2536 omnium
742 2468 886 2535 maxima
910 2456 1040 2551 affecit,
1063 2455 1222 2561 iaptiuis,
1248 2472 1304 2566 qui
1328 2462 1474 2543 luill'ead
1490 2472 1583 2571 quin·

287 2564 396 2641 (lecim
425 2564 524 2637 millia
547 2560 720 2647 feruntur,
741 2562 859 2639 oculos
878 2569 987 2653 eruit3
1007 2589 1157 2664 eosque,
1183 2562 1315 2667 singulis
1338 2575 1584 2646 cennrriisvno·

288 2668 365 2744 eulo
391 2664 478 2740 duce
504 2663 605 2747 (lato,
628 2663 674 2739 ad
693 2664 882 2739 Samuelem
903 2662 1001 2738 mitit.
1024 2690 1095 2765 >quo
1121 2668 1178 2737 hic
1200 2663 1384 2768 speilaculo
1408 2676 1444 2743 in
1475 2672 1585 2769 llupo·

286 2799 359 2846 rem
380 2772 499 2865 at‘lns,
523 2764 627 2839 hiduo
648 2766 725 2865 post
744 2768 829 2841 obiit
848 2794 879 2838 a
906 2770 948 2839 C
977 2788 1067 2854 1014.
1095 2764 1227 2843 Bellum
1258 2775 1392 2843 interim
1421 2766 1489 2844 sub.
1512 2770 1583 2853 filio

286 2878 355 2947 eius
380 2892 565 2946 Gnettrnuu
588 2888 624 2941 et
649 2895 795 2942 roenna
817 2892 1130 2951 euaursmtavo,
1157 2873 1317 2955 heronis,
1346 2869 1445 2947 frater
1475 2875 1585 2967 isSa·

288 2970 402 3061 muelis
426 2966 513 3053 sirit,
532 2968 607 3042 titio
631 2996 709 3041 cum
731 2970 859 3069 aliquot
878 2968 991 3041 adhue
1009 2964 1152 3043 durasset
1180 2979 1298 3063 annit3
1335 2973 1483 3075 Bulgaria
1515 2978 1585 3048 vni·

287 3071 399 3157 uersa,
423 3071 613 3171 proceribus
632 3076 740 3173 gentis
763 3068 839 3169 post
859 3091 1006 3144 mortem
1028 3075 1258 3174 {oannis,'qui
1281 3100 1309 3146 a.
1333 3078 1372 3149 C.
1400 3100 1479 3164 1017.
1511 3078 1585 3149 Dir-

287 3179 463 3251 rhachium
488 3198 683 3272 oppugnans
705 3167 830 3245 occisus
851 3171 920 3256 att,
944 3169 1091 3273 undique
1110 3171 1156 3245 ad
1177 3173 1328 3250 Bafilium
1351 3181 1586 3279 imperatorem

287 3271 533 3356 deficientibus,
556 3279 594 3344 in
617 3275 852 3348 Romanonrm
876 3273 1070 3373 potestatem
1099 3279 1197 3349 uenit.
1256 3280 1258 3286 ⁴
1575 3350 1578 3359 ,

384 3376 462 3450 Sub
489 3379 632 3475 imperio
664 3374 832 3448 Michaelis
865 3374 1084 3475 Paphlagonis
1122 3402 1151 3447 a.
1185 3380 1224 3450 C.
1256 3397 1349 3465 1040.
1380 3385 1587 3463 vernano,
1661 3408 1665 3411 ·

289 3500 534 3551 uertuomnno
558 3495 594 3549 et
620 3502 812 3551 anvsrauo
837 3472 998 3559 ducibus,
1036 3474 1164 3577 Bulgari
1187 3476 1401 3567 rebellarunt,
1440 3476 1495 3553 sed
1520 3485 1586 3565 iam

289 3576 433 3678 sequenti
459 3602 569 3661 anno,
596 3575 776 3662 hluliano,
803 3603 880 3649 cunr
904 3576 1051 3651 Deleano
1073 3583 1278 3651 incontriuio
1304 3580 1417 3653 oculos
1435 3576 1614 3666 eruitset,

293 3676 587 3779 adimperatorenr
597 3699 803 3763 transeunte,
825 3697 861 3753 et
885 3678 1034 3752 Deleano
1055 3699 1179 3777 capto,
1203 3682 1473 3774 (Teichornerus
1497 3686 1588 3756 enim

293 3784 356 3854 iam
385 3800 480 3853 antea
504 3804 527 3849 a
556 3775 618 3854 suis
645 3778 772 3853 occisus
793 3784 889 3876 erat)
911 3774 1019 3854 rursus
1050 3776 1109 3853 suh
1134 3783 1366 3856 Romanorum
1395 3780 1503 3856 redire
1527 3781 1588 3856 irn'·

289 3887 419 3983 perium
446 3882 552 3955 coacti
575 3876 657 3955 frunt.
702 3887 856 3983 Triginta
878 3900 914 3954 et
938 3878 1065 3955 duobus
1086 3887 1178 3955 anuis
1202 3882 1276 3983 post
1296 3888 1331 3957 a,
1351 3887 1392 3957 C.
1420 3906 1503 3974 ¹073·
1518 3886 1589 3957 Ser·

293 3988 337 4055 uii
371 3983 555 4082 Bulgariam
584 3978 792 4068 inuaserant,
820 4008 861 4054 ac
885 3982 1039 4083 Belgari,
1068 3986 1150 4085 iugo
1172 3988 1406 4058 Romanunm
1430 3981 1589 4069 excutio,

291 4084 463 4163 Michaelis
473 4086 665 4157 Sentionun
676 4089 832 4186 principis
853 4084 961 4166 filium
986 4110 1295 4159 consuanuruvn
1309 4112 1504 4172 eonrnvu,
1530 4082 1589 4161 libi

292 4198 403 4357 tffem
431 4180 677 4284 praefecerunt,
700 4207 829 4261 mutato
853 4190 1008 4257 nomine·
1023 4188 1164 4259 Petrum
1192 4187 1396 4287 appellantes.
1446 4194 1476 4261 Is
1507 4212 1589 4263 vero

212 4369 217 4376 x
296 4290 307 4357 i
344 4286 413 4358 elici
445 4312 524 4359 cum
558 4292 718 4361 Romanis
744 4282 918 4361 eommiffo
942 4285 1069 4387 proelio
1091 4307 1206 4385 eaptus
1233 4308 1268 4361 et
1291 4286 1332 4361 ad
1355 4293 1590 4388 imperatorem
1673 4302 1719 4317 ”

292 4382 428 4471 minus,
460 4393 530 4461 eius
559 4384 641 4484 iulsu
677 4392 888 4465 Antiochiam
918 4378 1078 4463 abdanus
1107 4388 1164 4463 est.
1191 4387 1317 4463 ¹Vnde
1341 4416 1420 4465 eum
1447 4394 1589 4477 Veneti',

296 4492 415 4590 ingenti
427 4494 565 4588 pecunia
589 4492 714 4567 aheim
750 4489 995 4570 atreMichaele'
1018 4510 1176 4590 accepta,
1200 4484 1371 4574 suffurati,
1396 4493 1590 4569 inSeruianr

294 4588 513 4689 reduxerunt..
554 4596 635 4667 Hoc
659 4520 766 4669 motlo
792 4584 940 4693 Bulgaria
975 4588 1033 4665 sub
1067 4590 1227 4666 ditionem
1258 4596 1493 4669 'Romanorum
1517 4588 1590 4668 red·
1724 4620 1734 4656 ·-
1839 4651 1846 4673 .

295 4693 385 4779 alla,
409 4697 450 4767 iis
471 4720 532 4796 per
552 4714 711 4781 centum,
738 4716 771 4770 et
795 4692 886 4793 quod
910 4699 1072 4779 excurrit,
1096 4719 1200 4776 armos
1225 4698 1338 4796 paruit.

771 4796 1017 4871 PERIODV
1013 4800 1041 4869 S
1060 4800 1116 4869 II.
1168 4864 1170 4867 .

299 4895 594 4997 Rchulgnrorum
605 4923 626 4969 a
637 4920 736 4997 regno
750 4898 803 4973 heb
816 4900 962 4972 Petrort
974 4894 1256 4997 Astrueftatrihur
1267 4894 1468 4993 instaurato,
1493 4921 1592 4999 usqae

392 5000 458 5071 ‘ad
473 5001 668 5099 Balgariam
681 5026 708 5097 ,a
730 5004 848 5073 Turris
862 5013 1071 5095 occupatam
1095 5003 1134 5071 ab
1154 5027 1184 5073 a.
1211 4999 1248 5074 C.
1274 5016 1474 5097 1185-1453.

325 5093 333 5105 “
404 5108 721 5200 avronnr,'qiram
747 5099 803 5175 diu
836 5100 1052 5176 moliebantur
1072 5154 1091 5196 ,
1110 5092 1279 5185 tandem,
1304 5096 1422 5175 Isaacio
1447 5095 1591 5201 *Angelo

301 5203 457 5284 Romanis
481 5207 686 5299 inperante,
710 5228 738 5274 a
764 5208 804 5279 C.
829 5218 908 5298 1185.
933 5197 1082 5283 fecerum
1104 5199 1334 5286 defectionem.
1369 5206 1473 5301 Tune
1498 5203 1591 5271 enirn

298 5304 786 5408 ‘fflmfflstssffi
895 5303 997 5385 ΒΗ
1520 5295 1591 5397 ω
