4642 6992
727 1243 807 1309 .33·
1107 1253 1110 1258 ·
1187 1216 1604 1301 snuvtcouvbt

540 1324 641 1406 Impp.
668 1335 718 1383 10-

519 1419 642 1470 ·nnna
670 1410 739 1473 Pas.
1230 1443 1257 1489 2,
1293 1421 1333 1491 0,
1362 1439 1558 1510 1355-1357·

543 1510 683 1557 manna
1507 1538 1530 1563 ,.

544 1578 667 1648 Cantac.
908 1579 911 1586 “
1342 1584 1373 1681 §.
1400 1606 1483 1674 252„

853 1709 914 1797 His
938 1721 1086 1800 nunciis,
1112 1724 1198 1816 quos‘
1234 1716 1272 1803 ab
1299 1714 1408 1783 amicis
1443 1706 1625 1787 elancrtltrm
1659 1711 1812 1811 quotidie.
1837 1717 2041 1814 accipiebat,

747 1821 888 1918 grauiter
915 1810 1102 1891 commotus
1128 1824 1448 1893 Cantacuzenum-
1463 1820 1857 1911 nunna-imperatricem
1886 1818 1926 1890 ad
1938 1818 2038 1891 silium

746 1919 892 2020 legauit,
919 1923 1007 1991 cuins
1033 1908 1150 1993 oratio¹
1164 1918 1256 1991 illurn
1282 1916 1320 1992 ab
1345 1909 1508 1987 indecenti
1520 1910 1665 1986 facinore
1679 1916 1893 2010 abstractum,
1920 1926 1954 1990 in
1968 1948 2042 1991 con·

748 2018 895 2093 cordiam
918 2016 1027 2093 secum
1054 2010 1243 2093 reduceret:
1268 2020 1395 2115 [quarn
1421 2013 1576 2088 allocutus
1590 2020 1860 2101 Cantacuzenus,
1886 2025 1970 2093 inter
1987 2022 2043 2093 alia

652 2156 715 2220 213.
745 2126 874 2221 inquit]
911 2117 1019 2195 Etiam
1042 2120 1163 2198 bellum
1199 2124 1302 2198 texit,
1326 2112 1460 2189 foedere
1486 2143 1561 2189 cum
1588 2115 1682 2210 Crale
1708 2124 1814 2203 inito,
1833 2130 1898 2203 ut,
1930 2124 1970 2194 ab
2003 2149 2044 2196 eo

746 2224 894 2298 Triballo
919 2222 1021 2295 milite
1045 2241 1205 2320 accepto,
1230 2226 1264 2291 in
1288 2243 1344 2289 me
1370 2214 1487 2289 ducat:
1513 2244 1612 2317 quam
1638 2245 1702 2391 eqo
1727 2246 1798 2293 rem
1818 2220 1960 2307 necilli,
1984 2252 2043 2297 uec

745 2318 898 2407 subditis,
921 2350 990 2397 nec¹
1009 2324 1111 2399 nobis.
1128 2317 1333 2421 profuturam
1373 2344 1524 2418 auguror.
1538 2356 1582 2369 -·-
1596 2324 1630 2391 ni
1683 2320 1781 2393 ellum
1819 2343 1932 2395 contra
1970 2328 2043 2396 Tri-

746 2424 845 2500 ballos
871 2444 1026 2525 coeptum
1050 2420 1155 2519 esset„
1178 2442 1323 2495 etnunc
1346 2420 1496 2493 ‘Latinum
1525 2416 1606 2491 illue
1621 2416 1766 2495 ¹inuitum
1781 2447 1836 2495 rue
1850 2422 2040 2523 occupasset,

740 2524 875 2625 pridem
901 2532 932 2601 ei
956 2513 1239 2623 clauumimper'ii
1264 2516 1486 2605 tradidissem,
1511 2546 1549 2591 ac
1566 2514 1657 2594 'inter
1678 2524 1866 2603 ,monachos
1878 2522 2043 2623 profelhu

641 2659 709 2727 2¹4·
737 2625 851 2715 essem.
866 2653 906 2676 ⁶·
920 2632 1014 2725 Qae
1039 2628 1189 2721 [Anna]
1215 2618 1487 2719 Thessalonicam¹
1507 2619 1668 2719 ingressa,
1697 2625 1821 2698 bellurn
1853 2630 1917 2699 iam
1951 2629 2043 2727 plane

742 2725 870 2803 feruens
895 2733 1038 2803 inuenit:
1064 2731 1182 2823 omitia
1201 2722 1361 2825 liquidem
1386 2726 1503 2822 padla,
1539 2722 1806 2827 conditionesque
1840 2754 1916 2801 cum
1952 2731 2043 2805 Crale

698 2855 702 2869 ·
741 2832 917 2905 transadiae
941 2829 996 2912 ἰ),
1022 2830 1134 2927 quibus
1158 2833 1390 2927 imperatorem
1407 2820 1577 2905 'iuniorem
1600 2824 1786 2913 adiuuaret,
1812 2824 1943 2929 ipseque
1973 2836 2044 2905 Cra·-

743 2932 789 3007 les
815 2951 847 3003 et
872 2928 958 3005 viror
983 2937 1095 3029 prope
1106 2926 1372 3002 Thessalonioam
1392 2924 1578 3009 tendentes,
1604 2926 1789 3003 intestinum
1813 2932 2043 3010 Romanorum
2103 3010 2105 3015 ,

735 3032 887 3121 bellum,
912 3028 999 3105 unde
1024 3026 1221 3131 compendia
1244 3025 1298 3101 sua
1316 3023 1502 3127 sperabant,
1527 3055 1589 3103 nec
1608 3034 1746 3129 exigua,
1772 3032 1934 3131 urgebant.
1962 3038 2043 3107 Can·

741 3128 936 3209 tacdzenum
960 3125 1082 3234 quippe
1108 3132 1286 3216 timebant,
1315 3126 1348 3203 et
1371 3124 1484 3221 ardens'
1508 3118 1651 3209 [sidium
1683 3158 1760 3230 erga
1788 3137 1952 3207 iuniorem
1985 3140 2041 3207 irn-

735 3221 927 3337 'pera'tor'ern
950 3260 1028 3334 prae
1053 3230 1086 3333 se
1110 3228 1282 3333 serebant,
1309 3222 1473 3327 cupienten
1510 3230 1554 3305 illi
1591 3256 1631 3303 ex
1669 3236 1736 3305 hoc
1775 3230 1985 3333 persuasum,
2009 3233 2041 3311 se

741 3365 819 3411 eum
844 3332 979 3419 amare,
1003 3340 1125 3409 eteius
1155 3338 1289 3409 iniuriae
1309 3327 1529 3419 'vindicandae
1563 3358 1638 3403 cura
1675 3332 1783 3419 affici,
1815 3361 1892 3409 cum
1932 3358 2039 3411 tamen

707 3430 943 3525 'eontrarium
969 3442 1142 3520 omnino,
1176 3456 1208 3511 et
1239 3431 1372 3535 quidem
1404 3457 1475 3505 non
1508 3427 1676 3533 segniter,
1709 3428 1860 3529 facerent
1912 3442 2039 3513 Etenim

745 3567 810 3642 pro
836 3544 963 3641 maguis
989 3558 1020 3612 et
1044 3537 1174 3623 multia,
1207 3564 1290 3639 quae
1323 3530 1540 3623 abstulerant,
1566 3532 1639 3609 vilia
1670 3534 1831 3639 quaedam
1863 3538 2042 3642 nulliusque

733 3636 839 3742 :pretii
862 3642 1073 3714 restituebant.
1208 3650 1209 3657 ’
1391 3731 1393 3735 ¹
1454 3698 1483 3713 ..
1719 3652 1720 3659 ’
1943 3672 1946 3677 ’

846 3748 939 3815 Haec
965 3748 1062 3841 igitur
1085 3748 1218 3827 omnia,
1269 3738 1334 3816 itast
1359 3737 1587 3813 araneolorum
1620 3766 1744 3841 opera,
1776 3740 1920 3829 aduentu
1978 3770 2040 3818 rae·

741 3836 904 3942 lentiaque
929 3839 984 3915 sua
1008 3846 1196 3941 imperatrix
1221 3770 1350 3917 diltecit.
1383 3846 1418 3914 N
1418 3869 1472 3915 arn
1485 3841 1589 3914 filiurn
1602 3878 1641 3891 -
1657 3842 1748 3917 flexit
1761 3877 1802 3892 ··
1817 3898 1827 3929 ,
1841 3769 1977 3919 salbosJ

740 3946 907 4019 territabat.
921 3939 1029 4016 -dd
1052 3946 1133 4015 haec
1157 3943 1198 4017 ad
1224 3946 1353 4019 Cralem
1380 3940 1524 4043 egressa,
1550 3969 1692 4043 eumque
1717 3964 1749 4017 et
1772 3972 1911 4021 uxorem
1932 3941 2043 4030 affata,

624 4062 628 4071 '
743 4042 882 4117 ostendit
897 4082 939 4096 -·
952 4070 1008 4119 eos
1033 4064 1146 4119 eontra
1171 4052 1219 4119 ius
1243 4043 1355 4148 fasque
1378 4068 1495 4144 agere,
1518 4038 1656 4117 fulmina
1689 4044 1904 4148 coelestesque
1936 4048 1988 4149 pla

744 4145 834 4220 uelut
857 4151 1038 4220 intentans:
1088 4152 1140 4220 uia
1163 4167 1386 4249 praeterquam
1412 4142 1502 4245 quod
1527 4148 1698 4219 Romanos
1721 4152 1867 4246 periuriis
1891 4074 2044 4223 seresii

745 4246 936 4348 deribusque
959 4173 1118 4322 violandis
1142 4254 1237 4322 toties
1259 4246 1445 4330 laederent,
1471 4250 1567 4317 etiam
1593 4246 1680 4321 bellis
1705 4248 1846 4322 ciuilibus
1870 4275 1926 4324 eos
1952 4276 2041 4324 corn·

743 4354 935 4432 mitterent,
976 4350 1090 4448 quibus
1119 4357 1238 4423 mutuis
1269 4352 1329 4424 llra
1355 4349 1420 4421 ibus
1449 4350 1702 4432 intereuntibus,
1725 4347 1787 4449 ipsi
1813 4378 1931 4425 eorum
1957 4352 2040 4425 bona

743 4470 815 4524 tuto
841 4446 1045 4549 possiderent.
1095 4454 1156 4523 His
1181 4454 1283 4551 ¹verbis
1308 4378 1463 4525 cladum
1490 4446 1557 4532 est,
1583 4470 1618 4521 vt
1639 4444 1816 4532 ‘saliorum
1846 4450 2041 4555 nnpitudine

741 4550 851 4653 palam
875 4546 1114 4635 erubescentes,
1139 4577 1175 4626 re
1199 4550 1390 4655 irnpersedia
1416 4544 1623 4623 discederent.
1798 4552 1801 4557 “
1926 4558 1958 4655 §.
1977 4580 2039 4651 253.

788 4772 842 4827 213.
867 4755 910 4816 Id.
933 4753 1004 4817 ibid.
1029 4778 1058 4840 p.
1082 4772 1146 4828 820.
1420 4753 1643 4845 Tleffnlonr'car
1654 4750 1738 4839 fam
1761 4749 1803 4818 od
1825 4774 1941 4819 nocem
1962 4754 2039 4820 Cra-

788 4862 848 4915 214.
871 4841 913 4901 Id.
937 4841 1008 4905 ibid.
1031 4864 1060 4925 p.
1085 4858 1140 4915 821.
1416 4844 1443 4905 le
1458 4840 1598 4926 sbederis
1622 4843 1659 4904 de
1674 4836 1820 4923 statirtate
1846 4850 1883 4905 et
1899 4860 1952 4905 eos
1981 4840 2039 4906 lel-

561 4977 564 4982 ,
789 4926 823 5006 t)
844 4926 980 4987 Foederia
1012 4928 1097 4990 huius
1128 4938 1276 5011 praeterea
1305 4944 1370 4986 me·
1416 4929 1480 4991 lum
1510 4921 1655 5007 aduersas
1687 4924 1928 4991 Cantncnzenurrl
1953 4920 2042 5011 paps-

477 5036 483 5044 ’
629 5029 632 5035 ’
747 5014 835 5075 minit
864 5016 1079 5075 Cautaeuzerun
1109 5015 1152 5075 T.
1174 5016 1223 5074 111.
1252 5032 1281 5093 p.
1312 5022 1367 5080 838.
1414 5010 1511 5102 grffe,
1541 5033 1607 5073 eum
1632 5012 1829 5075 intromittere
1862 5013 2040 5080 dubitarunt.

747 5097 958 5183 Imperatorem
989 5103 1130 5161 Ioannem
1160 5094 1369 5173 Palaeologum
1418 5102 1451 5159 Et
1475 5120 1504 5181 p.
1529 5112 1584 5172 853.
1613 5108 1784 5183 ruptoque,
1812 5097 1895 5185 qnod
1922 5118 2039 5164 mecum

636 5180 640 5188 '
750 5188 918 5258 Byzantium
943 5186 1175 5269 proficiscentem
1196 5186 1258 5269 qui
1272 5182 1370 5264 Didy-
1420 5180 1648 5261 intercedebat,
1676 5184 1822 5265 foedere,
1851 5192 1920 5249 cunr
1949 5186 2040 5263 Crale

749 5269 876 5337 mericii
910 5281 1000 5339 nant
1025 5270 1175 5359 praesedi
1186 5308 1209 5350 ,-
1221 5286 1372 5335 memores
1397 5264 1409 5329 '.
1413 5267 1593 5356 societatem
1610 5266 1722 5355 padus
1748 5270 1798 5359 est.
1984 5277 1992 5299 ’
