4642 6992
218 1672 227 1679 ·
310 1563 826 1835 vaMArruM
875 1646 989 1769 uu
1031 1650 1527 1789 curtovnrrs.

525 1952 816 2099 Historia
854 1959 1314 2072 Chrouatorum.

269 2092 574 2329 Caroeam,
599 2164 689 2234 natio
714 2160 861 2247 Slauica,
889 2161 972 2237 olim
998 2162 1080 2239 vltra
1098 2162 1474 2261 Bagttaemjsmonte
1486 2166 1567 2243 on·

391 2268 515 2364 paticos
541 2263 681 2361 putant]
706 2268 741 2335 'ar
764 2268 900 2363 regione
925 2267 1119 2338 Germaniae
1145 2284 1179 2338 et
1204 2268 1391 2366 Hunguiae
1407 2262 1567 2353 janium,

270 2394 367 2470 quam
395 2368 560 2464 Magnam
584 2362 636 2438 vel
663 2362 782 2437 Albam
800 2365 1011 2439 Ctrouattam
1037 2365 1220 2450 vocabant,
1246 2370 1437 2443 latitarunt.
1479 2368 1568 2447 'lude

271 2495 344 2572 para
366 2472 476 2569 gentis
502 2470 585 2537 circa
610 2468 737 2539 initium
761 2460 875 2540 saeculi
899 2466 974 2566 poll
999 2471 1039 2544 C.
1063 2472 1108 2541 N.
1133 2463 1261 2567 septimi
1277 2464 1422 2570 egrell'a,
1446 2468 1570 2545 inDal·

269 2577 401 2647 menam
428 2570 542 2649 venit,
565 2567 696 2666 ibique,
721 2566 844 2667 pullis,
866 2574 922 2670 qui
948 2594 1023 2645 eam
1047 2594 1119 2643 non
1142 2564 1198 2641 diu
1223 2586 1297 2644 ante
1318 2590 1572 2671 occupauerant.

271 2676 409 2755 Aueria,
437 2662 591 2742 consedit
641 2668 803 2743 Nonnulli
828 2691 1013 2755 eorum,a
1042 2668 1251 2771 popularibus
1282 2664 1344 2743 suia
1377 2668 1499 2755 diuili,
1531 2678 1568 2750 in

270 2774 401 2869 illyrico
429 2792 463 2845 et
489 2773 654 2843 Pannonia
678 2772 826 2868 [Satria]
850 2776 1025 2873 proprium
1048 2770 1107 2846 fibi
1140 2772 1375 2847 constituerunt
1407 2778 1569 2874 principa·

270 2895 349 2951 tum
402 2875 565 2946 (hrouati
597 2896 678 2947 vero
708 2894 787 2947 tunc
818 2878 975 2975 temporis
1005 2878 1041 2947 in
1076 2878 1280 2949 Francorum
1313 2872 1438 2949 ditione
1464 2894 1569 2951 erant.

272 2982 426 3080 Qorum
453 2969 629 3047 inauditam
654 2974 875 3049 crudelitatem
915 3000 993 3048 cum
1030 2972 1148 3048 diutior
1182 2972 1270 3051 serre
1307 2997 1379 3051 non
1414 2974 1568 3077 pellunt,
1698 2982 1702 2989 ’

270 3074 441 3181 praefestie
466 3102 584 3167 eorum
608 3072 744 3161 occisa,
769 3072 990 3150 detentorem
1015 3072 1173 3152 lecerunt.
1224 3081 1309 3153 Orto
1342 3083 1452 3179 itaque
1483 3084 1567 3152 inter·
1662 3167 1680 3179 ..

269 3202 441 3281 utramque
465 3198 599 3281 gentem
625 3174 813 3278 grauiffimo
837 3174 945 3263 bello,
971 3180 1131 3253 Chrouati
1157 3175 1313 3263 tandem,
1338 3204 1416 3253 cum
1440 3174 1567 3283 septem

270 3286 334 3357 iam
359 3286 455 3354 annis
481 3276 703 3365 dimicaffert,
729 3282 892 3364 viliores,
916 3275 951 3353 se
976 3284 1011 3353 in
1035 3280 1215 3354 libertatem
1241 3278 1453 3355 vindicarunt.
1501 3283 1566 3355 Hir

270 3390 313 3459 ³⁶²
338 3376 512 3502 &sl-⁸³⁰
544 3373 1427 3563 sp⁰⁰oeas⁰b⁰¹fs⁶¹⁰l¹i0l⁰lifflil⁰lilrii
1444 3376 1565 3559 fill·

371 3718 428 3791 Ex
455 3740 562 3816 eoque
587 3703 737 3814 tempore
761 3717 920 3791 Chromti
944 3714 1116 3801 Delmatici
1142 3741 1221 3789 cum
1245 3714 1389 3791 finitimis
1401 3714 1563 3816 gentibus,

271 3814 383 3919 quod,
412 3843 489 3889 cum
515 3816 646 3890 Chrillo
670 3843 797 3891 nomen
825 3816 958 3903 darent,
983 3818 1133 3919 pontifici
1157 3822 1315 3892 Rourauo
1346 3830 1453 3904 iurato
1484 3842 1562 3916 pro·

269 3912 442 4002 miserant,
467 3944 584 4018 pacem
610 3940 769 4019 egerunt3
795 3940 996 3994 mercaturae
1022 3946 1159 4019 operam
1184 3918 1303 3995 dantes.
1336 3924 1462 4019 Magna
1480 3942 1562 3993 vero

270 4010 446 4094 Chrouatia
469 4041 549 4093 tunc
573 4022 689 4125 crebrir
722 4024 951 4109 Francorum,
983 4024 1222 4124 Hungarorum
1257 4045 1290 4097 et
1319 4024 1563 4097 l‘atzinacarum

270 4120 508 4198 exnrfionibus
531 4120 649 4199 vastata
672 4118 727 4196 cll.
858 4164 864 4169 ·
978 4194 983 4201 .

364 4257 446 4336 l’ost
468 4260 595 4333 obitum
620 4276 729 4330 autem
752 4256 895 4332 Heraclii
920 4260 1079 4334 Chrouati
1103 4284 1182 4332 com
1206 4256 1333 4359 reliquit
1357 4257 1457 4332 Slauis
1483 4253 1576 4329 Dat·-

271 4366 416 4449 natica,
442 4386 461 4431 a
485 4364 644 4433 Romania
669 4354 878 4434 defecemnt:
895 4380 938 4435 et
966 4358 1066 4433 Bafilii
1093 4358 1287 4435 Macedonis
1312 4356 1448 4434 demum
1480 4376 1563 4430 tent·

271 4466 399 4564 poribus
426 4454 483 4533 sub
506 4465 741 4535 Romanorum
764 4459 928 4536 redierunt
951 4464 1154 4561 imperium.'
1187 4465 1277 4536 Cum
1315 4460 1456 4560 llulgaris
1488 4457 1564 4531 fini·
1721 4518 1725 4523 .
1818 4496 1822 4504 =

271 4570 353 4639 timia
376 4564 536 4637 Chronati
563 4560 759 4661 &opacam
786 4563 990 4646 habueruut,
1021 4560 1131 4661 donec
1158 4562 1199 4633 ab
1225 4561 1355 4634 illorum
1388 4584 1466 4660 rege
1495 4554 1563 4634 Mi·

272 4666 378 4739 chaele
405 4660 527 4737 Borose
551 4663 635 4737 bello
662 4684 856 4761 peterentur.
880 4670 906 4738 it
932 4686 1115 4739 verorum
1141 4662 1226 4735 nihil
1255 4660 1420 4745 efficeret,
1453 4663 1567 4733 uniri«

271 4772 346 4843 o'am
369 4770 549 4839 renouauit
599 4766 775 4859 Symeon,
799 4764 886 4839 alius·
904 4764 1120 4867 Bulgnrorum
1148 4790 1230 4847 rex,
1261 4768 1343 4837 circa
1368 4790 1396 4838 a
1422 4765 1466 4837 Cr
1492 4784 1562 4854 931.

272 4862 418 4941 aduersus
444 4871 631 4943 Chrouatoe
657 4871 835 4941 exercitum
861 4864 957 4940 milit.
989 4870 1046 4967 qui
1081 4866 1122 4940 ab
1160 4862 1304 4940 hostibur
1322 4868 1373 4939 *in
1409 4862 1567 4965 tnguilill
1580 4906 1605 4925 —-

272 4974 434 5046 montium
458 4975 720 5055 circumuentus,
743 4989 777 5043 et
800 4990 886 5045 totus
910 4965 980 5043 fere
1004 4965 1125 5042 deletur
1151 4967 1207 5043 ell.
1563 5014 1567 5019 -

371 5091 458 5163 Ortia
479 5088 553 5188 poll
578 5086 610 5161 id
637 5084 766 5188 tempor
791 5088 934 5167 ciuilibus
958 5092 1043 5161 inter
1065 5090 1252 5162 Chrouator
1270 5077 1462 5168 tlil'cordiir,¹
1496 5088 1567 5154 ntt⁶

275 5208 538 5274 nornnravvs,
565 5191 743 5287 Crasemeri
766 5191 873 5282 lilius,
897 5194 962 5292 qui,
977 5196 1055 5262 tune
1076 5190 1169 5294 genti
1199 5186 1399 5293 impetebat,
1428 5182 1563 5258 ΓΜ·
1670 5244 1672 5251 .

275 5289 764 5409 WBanointerlestuaell.
913 5294 1164 5371 (Jee-⁴
1449 5286 1565 5363 eura-
1720 5412 1722 5417 Ι
