4642 6992
724 1208 791 1298 ‚a
1151 1191 1563 1279 saturent-vu

516 1316 598 1405 Imp.
610 1331 716 1384 tortu·-

514 1423 567 1474 ’Νι
590 1409 660 1475 Par.
781 1405 790 1420 ‘
1255 1429 1287 1482 a
1312 1407 1352 1479 C.
1378 1422 1467 1494 1342·
1821 1405 1829 1418 ⁸

722 1516 791 1607 nec
813 1525 941 1602 insrdiar
966 1521 1216 1628 praesentientea
1227 1523 1373 1609 occidat,
1399 1520 1477 1627 quid
1490 1523 1674 1626 reliquatur,
1699 1515 1758 1598 niti
1772 1537 1826 1610 ut,
1848 1519 2016 1630 regrell'ub,

726 1634 845 1707 liberos
869 1637 1083 1730 etconiuget
1108 1655 1224 1701 eorum
1251 1631 1287 1699 in
1299 1626 1480 1702 seruitutem
1497 1630 1654 1725 abripiat,
1679 1625 1925 1729 uniuersumque
1937 1633 2017 1704 Tri:

727 1734 889 1808 bellorum
914 1737 1131 1832 principatum
1155 1728 1212 1803 fibi
1236 1725 1400 1802 subiiciat?
1425 1727 1502 1800 ideo
1527 1749 1598 1801 turn
1624 1729 1760 1802 demum
1772 1728 2017 1825 iuuandumlli

725 1831 871 1934 ipsorum
898 1852 991 1935 egeat
1015 1831 1167 1922 auxiliob·
1188 1829 1319 1932 qnando
1345 1836 1507 1903 iuniorem
1533 1829 1637 1902 lilium
1660 1829 1753 1929 apud
1780 1857 1842 1904 eor
1867 1831 2019 1908 obsrdem

725 1937 910 2036 reliquerit:
936 1933 1004 2006 line
1029 1930 1191 2006 obsidibus
1216 1959 1287 2005 non
1310 1929 1498 2005 iuuandum.
1544 1933 1601 2004 Sic
1625 1938 1715 2005 enim
1742 1931 1860 2032 cupide
1883 1943 2018 2009 unami-

725 2039 897 2132 tinem
915 2035 1105 2136 nullamque
1115 2039 1160 2105 in·
1183 2029 1333 2109 lunium
1356 2033 1480 2106 malam
1512 2027 1603 2131 spem
1636 2033 1682 2106 de
1711 2061 1756 2108 eo
1788 2059 1895 2108 conce
1992 2062 2016 2114 a.

725 2141 859 2215 Liberos
881 2157 990 2210 autem
1013 2141 1164 2236 priuatim
1188 2135 1320 2212 Cralem
1346 2161 1462 2218 orare,
1488 2139 1674 2232 imperatori
1707 2139 1824 2211 audior
1854 2163 1876 2210 e
1901 2157 1954 2220 et,
1980 2161 2017 2215 ut

727 2245 754 2314 is
779 2237 950 2321 Mamali,
974 2242 1093 2310 irmiori
1117 2235 1212 2320 filio,
1240 2236 1336 2335 ipfins
1362 2237 1466 2308 Liberi
1497 2234 1597 2306 liliam
1632 2231 1853 2334 despoderet:
1883 2237 2017 2314 audiill'e

726 2346 844 2424 enim,
870 2345 1001 2439 Syrgen
1027 2339 1058 2403 a)
1082 2332 1237 2436 sponsalia
1262 2344 1346 2411 inter
1367 2342 1436 2410 eius
1467 2335 1571 2408 filiam
1598 2355 1641 2408 et,
1662 2338 1856 2412 Martialem
1885 2343 1977 2412 huuc
2001 2395 2016 2426 ,

631 2463 634 2466 ’
725 2447 780 2514 eui
805 2467 901 2524 eam,
926 2438 1120 2514 Andronico
1144 2446 1341 2537 imperatore
1363 2435 1474 2514 adhuc
1501 2441 1539 2510 in
1570 2442 1633 2512 vita
1666 2459 1846 2526 manente,
1877 2435 2018 2542 despon-

730 2540 845 2624 differ,
870 2540 943 2614 belli
965 2536 1059 2615 causa
1082 2532 1249 2615 rescidisse.
1353 2571 1358 2578 ·

829 2647 872 2718 Et
896 2639 1089 2718 'videbantur-
1109 2641 1198 2716 Crali
1225 2667 1356 2742 quoque
1383 2637 1480 2713 dtrcer
1503 2665 1647 2740 aequum
1659 2641 1829 2716 etbonnm
1843 2643 2018 2742 postulare.

724 2741 835 2920 Qum
861 2745 904 2818 ob
922 2771 1017 2829 ru,
1040 2741 1121 2843 quid
1146 2744 1270 2828 velint,
1293 2745 1481 2842 imperatori
1508 2747 1698 2833 renunciat3
1723 2746 1895 2829 hortatur,
1918 2756 2018 2832 uteie

681 2917 707 2934 ,,
723 2847 768 2918 ob
782 2842 940 2921 ecundet:
966 2850 1030 2932 hac
1051 2849 1140 2917 enim
1167 2851 1292 2918 ratione
1314 2849 1458 2944 impigre
1480 2845 1680 2942 militaturos.
1730 2849 1910 2945 Separatim
1933 2876 2018 2924 vern

725 2945 768 3021 de
792 2949 898 3022 Liberi
922 2945 1010 3034 filia,
1030 2973 1111 3019 cum
1135 2945 1205 3020 filio
1222 2953 1289 3020 eius
1307 2951 1425 3044 nuptiis
1439 2939 1676 3028 conlbciauda,
1699 2969 1814 3046 rogat:
1842 2973 1876 3024 et
1888 2972 2020 3036 monete

723 3075 769 3125 ne
796 3042 888 3151 qnod
908 3043 952 3121 lit
974 3054 1058 3122 iuter
1082 3049 1196 3121 ambos
1219 3075 1263 3120 ex
1286 3051 1415 3149 generis
1437 3045 1577 3122 claritate
1595 3041 1790 3139 discrimem
1816 3043 1892 3134 bed,
1916 3077 2019 3152 quana

721 3170 795 3225 tum
821 3155 857 3223 in
879 3144 1027 3249 praesens
1052 3149 1182 3223 efficere
1205 3153 1268 3222 hac
1291 3154 1344 3224 via
1373 3145 1497 3249 poffit,
1532 3153 1701 3223 intueatur.
1753 3153 1844 3223 Nam
1902 3174 2019 3226 taeter·

723 3277 823 3352 quatu
857 3247 948 3352 quod
981 3272 1013 3326 et
1042 3251 1108 3325 aliis
1137 3251 1293 3325 Triballis
1325 3253 1387 3323 bae
1418 3253 1551 3348 nuptiae
1581 3247 1741 3324 iucundae
1771 3249 1834 3327 lint
1879 3275 2025 3342 uttrrae,

723 3360 822 3431 etiam
846 3353 1000 3427 Liberum
1022 3349 1129 3453 ipsum
1155 3377 1228 3425 uon
1253 3347 1378 3426 socium
1402 3347 1510 3424 morlo
1535 3372 1567 3426 et
1584 3357 1751 3438 amicum,
1778 3349 1831 3427 sed
1842 3374 1876 3428 et
1886 3351 2019 3434 sentum

720 3454 820 3556 plane
844 3452 941 3554 iplius
967 3451 1067 3546 fore,
1088 3459 1269 3556 omniaque
1301 3457 1368 3526 eius
1399 3451 1524 3528 utilitati
1554 3475 1688 3552 promte
1720 3453 1976 3554 pollpoliturum
2004 3511 2020 3546 ,

723 3554 817 3658 qnod
835 3551 975 3655 ipsemet
998 3555 1196 3656 polliceatur.
1249 3559 1343 3629 Haec
1366 3581 1438 3638 rer,
1463 3573 1499 3628 vt
1522 3557 1716 3654 apparebat,
1741 3585 1900 3658 magnum
1927 3561 2022 3634 Crali

583 3715 589 3726 .
719 3663 883 3760 aequitatis
907 3676 941 3730 et
966 3654 1115 3730 candoris
1137 3656 1362 3730 testimonium
1388 3653 1504 3739 dabat,
1528 3654 1622 3757 quod
1647 3655 1856 3750 dynastarum
1881 3655 2018 3738 suorum

720 3755 945 3858 potentiss'tmo
959 3785 1037 3830 cum
1049 3763 1245 3857 imperatore
1257 3755 1287 3832 se
1304 3761 1541 3858 emungente,
1565 3758 1714 3858 adeoque
1726 3759 1891 3835 manifeste
1901 3770 2023 3840 omnia

719 3859 802 3934 illius
828 3851 919 3930 cansa
943 3853 1109 3932 facturum
1134 3858 1332 3956 pollicente,
1361 3859 1386 3932 sr
1411 3865 1586 3933 intantum
1611 3859 1713 3932 filiam
1737 3860 1835 3962 iplins
1858 3863 1927 3938 lilio
1953 3861 2016 3941 suo

721 3953 931 4042 collocaret‚'
947 3959 1029 4032 nihil
1051 3955 1261 4058 suspicaretur
1288 3959 1390 4045 mali,
1410 3987 1479 4033 'nec
1503 3959 1692 4060 praepedire
1717 3968 1886 4064 negotium
1917 3985 2019 4041 tenta·

718 4081 794 4152 ret,
816 4055 873 4136 sed
897 4057 1064 4134 adiuuaret
1095 4065 1210 4162 magis.
1261 4068 1389 4138 Verum
1413 4063 1494 4136 illuc
1516 4090 1586 4136 non
1609 4083 1679 4136 tam
1700 4070 1861 4166 aequitati.
1878 4067 2017 4155 Cralis,

722 4188 823 4265 quam
848 4162 955 4236 Liberi
981 4161 1165 4264 opulentiae
1189 4189 1395 4267 magnaeque
1418 4170 1501 4238 iuter
1523 4164 1690 4240 Triballor
1715 4172 1879 4266 potentiae
1903 4165 2026 4244 adscri-

721 4259 890 4352 benduin,
919 4285 1182 4368 propterquam
1207 4265 1330 4368 etipse
1357 4266 1466 4342 Crales
1492 4293 1570 4341 euru
1594 4259 1764 4343 offendere
1790 4272 1930 4345 timebat.

824 4496 920 4572 Haec
944 4476 1198 4601 igitur.·leer‚
1226 4401 1518 4578 eumiitlbbern
1540 4495 1689 4585 adesset,
1719 4500 1810 4602 apud
1818 4531 1833 4566 :-
1842 4509 2031 4607 inperata·-

720 4617 794 4676 rem
819 4595 969 4678 differuit
1018 4605 1085 4706 Qi
1111 4598 1203 4705 quod
1227 4621 1299 4680 tum
1324 4607 1419 4691 hoc,
1444 4623 1517 4680 tum
1541 4600 1621 4680 illud
1645 4609 1680 4680 in
1704 4601 2018 4708 praesentiacondu·
2053 4611 2065 4628 '

1940 4738 2018 4787 cere

759 4831 807 4914 a)
832 4838 878 4899 De
898 4853 960 4918 qno
976 4833 1212 4901 'canatunnur
1241 4837 1283 4901 T.
1304 4841 1340 4902 11.
1389 4833 1691 4921 marrimandum,
1717 4839 1875 4922 ducentos,
1898 4842 1939 4910 nb
1952 4848 2016 4911 im·

716 4939 747 5004 p.
771 4938 837 4995 ςοο.
858 4919 907 4986 Ar
930 4923 983 5008 qui
999 4921 1218 5009 lleffalouicae
1239 4934 1339 5008 eram,
1384 4924 1906 5014 peratoreadcustodiamrelill'os,
1927 4935 2015 4997 irrata·

714 5005 818 5088 sarge
837 5003 976 5086 duam,
999 5005 1183 5076 ermtiaam
1192 5009 1340 5099 pereffl-
1389 5013 1485 5094 dunt,
1512 5010 1664 5100 viliorque
1693 5011 1774 5100 ipsos
1803 5027 1834 5085 et
1859 5020 2013 5110 casteller}

712 5102 795 5156 ruet.
822 5090 945 5181 Castellt'
963 5095 1120 5176 indigenae
1144 5107 1196 5176 vt,
1221 5096 1353 5164 Cauta·-
1387 5099 1487 5188 Syrgt
1510 5101 1740 5166 corbariam.-

713 5195 874 5258 rrraenam‚
893 5193 1194 5264 ammnacogerre,
1211 5182 1257 5249 aa
1270 5187 1337 5251 Tri·
1429 5206 1480 5263 131·
1502 5187 1545 5256 ld.
1568 5187 1642 5254 ibid
1662 5209 1693 5276 p.
1718 5203 1784 5278 509.

715 5259 943 5358 laborabam,
964 5277 1159 5360 acceperuut,
1180 5269 1337 5360 rtSy'rgts
