4642 6992
833 1231 986 1309 CAPV
1001 1235 1035 1304 Τ
1061 1237 1103 1308 X
1290 1324 1294 1330 .
1550 1245 1610 1338 ’ὥς
1890 1327 1897 1346 ,

1013 1343 1018 1352 “
1515 1415 1522 1422 ,
1627 1344 1712 1430 Imp.
1727 1359 1832 1410 ronta·

534 1519 538 1526 ¹
853 1433 1061 1522 a-C.1342.
1168 1450 1171 1472 ¹
1292 1425 1296 1432 ’
1627 1447 1674 1494 ΝΕ
1700 1433 1771 1510 Hal»
1818 1459 1832 1518 J

310 1537 398 1625 oete
417 1545 573 1632 uidebat,
597 1544 751 1620 neutum
775 1543 961 1633 recusabat,
978 1571 1019 1622 *et
1044 1560 1087 1622 ita
1111 1545 1327 1652 suspicionem
1362 1548 1403 1627 de
1437 1548 1529 1632 sociis
1557 1557 1614 1635 ali·

308 1650 454 1752 ,quando
477 1645 667 1732 laedendis,
690 1669 746 1720 aut
769 1673 828 1746 per
838 1647 965 1722 iusidias
977 1650 1164 1750 appetendis
1178 1657 1362 1728 exirnebate
1388 1654 1508 1734 nescire
1522 1669 1613 1737 enim

316 1753 352 1829 se
377 1760 500 1826 amicos
525 1751 570 1824 sic
594 1754 815 1834 remunerari,
850 1751 983 1849 quando
1009 1754 1191 1846 constaret,
1226 1749 1288 1829 nec
1325 1763 1439 1856 apertis
1470 1764 1614 1838 hostibus

316 1883 464 1956 nuquam
490 1849 701 1940 insidiatum:
725 1869 757 1922 et
780 1850 968 1936 affinitatem
996 1882 1072 1928 cum
1099 1859 1162 1948 Syr
1186 1882 1293 1929 enon
1306 1861 1452 1956 priorem
1466 1861 1612 1956 diffirissb3
1654 1885 1692 1956 ',

316 1954 396 2042 sel,
422 1983 463 2030 eo
486 1980 646 2056 generum
672 1948 860 2036 abdicante,
886 1951 1002 2028 caussae.
1019 1956 1142 2030 nihile
1169 1985 1212 2040 e,
1241 1985 1299 2032 cur
1312 1985 1382 2030 non
1395 1960 1504 2062 etipse
1515 1965 1611 2040 aliam
1734 2027 1739 2036 .
1771 1976 1772 1985 ’

287 2125 291 2133 .
315 2059 389 2132 filio
413 2054 472 2131 suo
498 2081 637 2148 uxorem
663 2058 833 2152 iungeret3
858 2053 1043 2153 praesertim
1069 2086 1146 2131 cum
1172 2057 1323 2132 nondum
1350 2055 1395 2132 sic
1423 2061 1612 2143 adstrictum

314 2156 415 2232 serait
439 2160 708 2245 matrimonium,
732 2173 768 2228 ut
792 2152 960 2230 dissoluere
984 2186 1054 2230 non
1079 2159 1197 2233 liceret.
1249 2165 1280 2236 si
1314 2166 1531 2239 iuramentum
1563 2171 1612 2240 in·
1679 2197 1688 2202 ·

310 2255 525 2343 tercessrsset,
542 2255 629 2330 nulla
646 2252 690 2329 de
708 2249 799 2326 causa
824 2253 858 2327 id
884 2258 1109 2334 dillradlurum
1133 2255 1235 2335 suiss'e.
1286 2260 1427 2336 Proinde
1450 2265 1611 2344 dimittere

310 2359 348 2437 se
372 2362 501 2442 lilium,
524 2356 622 2432 simul
670 2382 807 2434 enerum
832 2354 979 2434 furtiuum
1004 2363 1141 2446 Libero,
1169 2359 1264 2434 simul
1290 2385 1425 2463 propter
1439 2374 1547 2468 copias
1559 2366 1608 2444 so·

311 2463 496 2548 dales,'ut
520 2488 563 2533 ne
588 2384 670 2558 quid
690 2459 730 2529 ab
754 2453 787 2530 se
811 2455 996 2535 insidianmr
1012 2485 1156 2539 metuat:
1181 2460 1453 2554 nonslctamen,
1477 2491 1512 2546 vt
1523 2469 1612 2570 apud

311 2593 374 2642 eos
399 2567 539 2650 omuino
564 2556 757 2660 semperque
781 2585 935 2647 maneat,
961 2560 1040 2648 sed,
1066 2567 1119 2638 vbi
1140 2572 1467 2663 peterreuocauerit,
1491 2569 1611 2654 redeat.
1642 2619 1644 2624 ·

417 2676 574 2755 Liberos,
599 2691 634 2745 vt
658 2675 888 2769 imperatorem
916 2669 957 2746 de
983 2675 1151 2748 connubio
1166 2675 1308 2750 annuisse
1322 2683 1504 2778 cognouit,
1530 2697 1610 2759 eum

298 2773 453 2852 .2dorans
478 2771 662 2875 pedemque
687 2768 897 2858 deosculans,
924 2776 1039 2849 multas
1072 2774 1132 2878 ipsi
1165 2777 1206 2850 de
1241 2775 1425 2865 benefici0,
1452 2802 1485 2855 ct
1518 2785 1606 2858 Crali

312 2877 359 2952 de
387 2905 485 2978 opera
508 2881 623 2978 gratias
650 2881 725 2976 egit.
777 2882 822 2951 At
847 2881 936 2950 enim
951 2881 1030 2952 haec
1042 2879 1135 2954 nuidis
1153 2880 1384 2964 tandummodo
1396 2881 1499 2958 verbis
1512 2906 1623 2960 trans·⁴

314 2983 506 3083 'gehanturz
539 2981 724 3053 iuramentis
756 2995 812 3054 aut
839 2983 975 3055 nexibus
1007 2981 1073 3056 aliis
1107 2977 1148 3055 ad
1164 3066 1169 3078 ἱ
1184 2986 1309 3081 nuptiae
1342 2985 1611 3085 conglutinandae
1668 2999 1673 3004 “
1743 3017 1749 3024 ·

284 3111 389 3172 ,μου
415 3083 487 3178 lunt
511 3075 568 3156 ufi.

421 3199 432 3226 t
895 3182 927 3282 ᾗ.
959 3187 1025 3258 162.

417 3321 473 3418 β)
498 3326 665 3421 Praecipiti
690 3323 803 3399 uellate
828 3329 1028 3425 imperator,
1061 3323 1155 3400 Crale
1189 3351 1265 3398 cum
1297 3349 1402 3399 virore
1431 3351 1533 3427 usque
1565 3317 1608 3399 ad
1647 3321 1711 3394 132.

313 3423 460 3498 conlisus
475 3421 770 3524 prosequentibus,
797 3429 905 3528 ibique
929 3425 1013 3503 dttta
1038 3421 1135 3501 salute
1159 3425 1413 3511 recedentibus,
1440 3455 1517 3502 cum
1552 3453 1608 3528 pa·

313 3531 391 3602 ntis·
414 3547 446 3601 et
470 3528 623 3600 attributis
649 3525 705 3600 libi
731 3533 833 3630 copiis
857 3533 974 3603 Pheras
998 3528 1177 3628 processit:
1203 3533 1256 3603 vbi
1290 3526 1330 3614 ad
1363 3527 1508 3604 triduum
1542 3555 1612 3603 ma·

314 3654 420 3720 nens,
446 3655 525 3700 cum
548 3631 696 3702 Pheraeis
720 3627 762 3704 de
789 3623 956 3704 deditior'te
981 3625 1115 3804 epit-2
1134 3620 1274 3704 Pheraei
1289 3623 1495 3806 nihssomaqis
1509 3656 1610 3732 quam
1703 3672 1709 3680 ·

311 3750 390 3802 ante
414 3728 455 3800 ad
488 3734 704 3804 Cantacuzeni
730 3752 833 3832 partes
858 3733 1128 3834 proponebant,
1154 3753 1186 3806 et
1211 3729 1398 3808 accedentes
1431 3761 1448 3804 a
1505 3731 1605 3807 collo·

311 3829 484 3931 quendum
510 3827 589 3904 saxis
614 3860 652 3904 ac
675 3833 743 3906 telis
770 3832 821 3907 de·
837 3861 934 3915 muro
946 3833 1163 3936 repellebant:
1191 3818 1458 3935 qiuareexercitus
1471 3859 1606 3937 agrum,

310 3952 348 4008 vt
368 3932 548 4028 hostilem,
573 3930 683 4009 secure
707 3933 894 4010 deuastabat.
1108 3940 1111 3945 ’
1366 3989 1370 3996 ⁴
1513 3939 1609 4012 Dum

348 4089 390 4168 β)
409 4116 658 4169 urccrnonvs:
679 4100 748 4165 Vix
775 4105 907 4185 triginta
931 4103 997 4168 dies
1026 4122 1094 4167 eum
1120 4099 1210 4167 Craie
1235 4101 1303 4188 post
1330 4098 1493 4168 adumtam
1516 4093 1611 4184 scium
1816 4153 1824 4164 ,

452 4197 662 4256 commoratus
681 4190 855 4271 imperator
878 4189 1129 4272 Cantacueenus,
1161 4187 1287 4253 abeunte
1313 4191 1379 4253 iam
1402 4189 1456 4250 illa
1476 4187 1611 4272 aestate,
1717 4221 1721 4226 ·
1823 4219 1825 4224 ·

406 4322 411 4328 .
452 4275 654 4360 autumnoque
677 4275 814 4353 ineunte,
838 4276 1010 4360 uigentibus
1033 4273 1168 4352 vitibus,
1202 4293 1239 4338 ac
1261 4275 1499 4340 vindemiatores
1522 4275 1611 4338 claro

448 4381 524 4446 pene
546 4381 616 4425 voce
638 4359 878 4449 adserentibus,
909 4366 991 4444 uenit
1010 4381 1078 4425 cum
1101 4361 1198 4445 copiis
1228 4369 1259 4426 et
1272 4358 1342 4444 suis
1359 4361 1499 4444 propriis
1520 4368 1550 4423 et
1571 4377 1613 4423 ex
1652 4381 1659 4392 ·

454 4447 567 4514 Seruio
590 4450 679 4530 longe
698 4449 862 4533 pluribus,
883 4448 928 4514 ad
948 4447 1084 4516 Sambos
1108 4448 1235 4530 vrbem,
1257 4450 1336 4512 nullo
1357 4444 1462 4511 labore
1488 4453 1612 4527 coptum
1672 4455 1673 4458 ’

455 4535 499 4598 iri
520 4555 589 4616 eam
615 4555 635 4598 a
653 4530 690 4616 se
706 4532 857 4621 sperans,
880 4532 1120 4620 conspirantibus
1143 4537 1226 4600 intus
1241 4529 1376 4619 sortaſje
1397 4529 1612 4614 proditoribus

456 4640 515 4684 non
534 4625 663 4704 paucis,
687 4623 728 4687 iis
752 4623 907 4704 uidelicet,
931 4623 1058 4708 quiisti
1079 4619 1281 4688 vehementius
1297 4617 1480 4706 studebant,
1494 4615 1620 4702 facilli-A

454 4727 595 4791 mumque
618 4707 781 4795 mgreffnm
804 4707 896 4796 miffls
920 4712 999 4774 clam
1021 4709 1136 4775 litteris
1159 4703 1390 4786 promittebant.
1416 4703 1613 4770 Verum-co-

449 4802 543 4857 natus
565 4796 612 4860 itte
634 4795 845 4947 imitussit,
876 4806 906 4860 at
928 4799 1017 4860 inane
1045 4791 1290 4876 impedimentum
1313 4799 1398 4856 totus
1420 4787 1488 4854 belli
1512 4809 1612 4875 appa-

452 4889 544 4944 ratus
560 4881 694 4967 sustitit.¹
762 4893 812 4947 nte
832 4884 912 4948 enim
936 4903 1030 4967 quam
1051 4879 1154 4965 irmsto
1173 4880 1308 4944 exercitu
1329 4879 1461 4962 propius
1484 4875 1611 4940 admoto

451 4963 558 5033 vrbem
579 4965 808 5055 cicumsediffet
818 5015 831 5047 ,
856 4969 984 5034 morbus
1009 4969 1137 5055 quedam
1159 4966 1261 5033 letalis
1276 4963 1481 5035 lliballorum
1502 4963 1612 5053 castris

354 5168 412 5226 ηπ,
441 5103 747 5221 canracvznuvs
766 5156 810 5221 T.
837 5158 873 5226 11.
910 5175 942 5241 p.
965 5171 1024 5229 510·
1043 5153 1170 5248 Niceph.
1189 5152 1339 5241 Grequ.
1354 5151 1391 5218 11.
1410 5167 1527 5236 peon,
1544 5163 1609 5222 403·

927 5273 957 5343 L
979 5267 995 5350 t
