4642 6992
670 1194 819 1322 ,ῥ’
953 1321 962 1335 ¹
1113 1225 1534 1306 esurientem

454 1339 678 1422 Imp-art...
722 1409 727 1418 .

454 1439 618 1490 oaourco
1061 1513 1066 1522 ι
1215 1459 1243 1505 a.
1269 1435 1418 1521 01301.

452 1511 525 1582 Stra.
553 1543 559 1556 =

340 1581 343 1592 '
754 1657 756 1663 ¹
1263 1573 1294 1666 ᾗ.
1321 1579 1379 1667 96.

580 1696 640 1786 69.
784 1711 921 1760 trenas
949 1687 1105 1782 [Ioanne
1129 1691 1227 1756 etiam
1252 1685 1321 1756 filio
1348 1685 1514 1778 monuo]
1537 1681 1639 1764 nihil,
1667 1707 1734 1782 quo
1762 1679 1797 1758 se
1819 1675 1968 1763 consola-

671 1811 782 1873 retur,
809 1789 969 1887 reliquum
994 1799 1060 1858 era‘t
1085 1807 1211 1884 praeter
1236 1785 1337 1856 filiam
1363 1785 1553 1858 Cralaenam
1583 1807 1614 1858 et
1634 1787 1837 1862 Demetrium
1851 1791 1973 1864 sisium.

674 1897 820 1966 Tantam
846 1895 942 1990 igitur
969 1893 1139 1960 Romanae
1163 1894 1318 1987 pecuniae
1345 1893 1476 1985 copiam
1503 1885 1590 1958 Craii
1616 1912 1742 1983 gessero
1765 1896 1891 1988 partim.
1907 1898 1978 1964 mi-

672 1993 737 2075 sit,
763 1995 880 2090 partim
908 1985 1173 2062 Thessalonicam
1201 1988 1353 2076 accersito
1381 1985 1493 2068 dedit,
1521 2009 1637 2086 quanta
1663 1989 1714 2062 vel
1750 2015 1881 2064 centum
1913 1999 1978 2066 tri«

672 2121 778 2168 temes
803 2098 1055 2190 inperpetuum
1080 2096 1314 2164 Romanorum
1337 2086 1530 2188 praesidium
1555 2090 1665 2160 insirui
1693 2091 1875 2188 potuissent.
1926 2101 1978 2167 Et

673 2192 829 2296 quorsum
855 2198 966 2264 attinet
991 2218 1080 2262 notra
1106 2213 1296 2264 commenta
1321 2215 1352 2264 et
1378 2196 1464 2290 prius
1497 2189 1660 2273 inaudita,
1695 2218 1777 2290 quae
1813 2201 1982 2293 intempe-

673 2299 755 2371 ssiua
779 2293 921 2368 mulieris
947 2295 1080 2364 ambitio
1107 2300 1324 2394 excogitauit,
1355 2297 1644 2366 commemorare?
1670 2295 1755 2364 Nam
1783 2323 1860 2366 cum
1879 2293 1977 2370 suam

672 2398 779 2471 filiam
802 2399 1015 2496 imperatoriis
1042 2391 1215 2494 insignibus
1238 2421 1358 2466 ornare
1389 2393 1505 2474 vellet,
1532 2412 1566 2464 vt
1600 2417 1646 2464 ne
1675 2393 1754 2492 quid
1789 2403 1818 2468 ei
1852 2394 1976 2471 deeffet

675 2525 788 2574 earum
813 2524 949 2580 rerum,
979 2496 1092 2594 quibus
1124 2503 1341 2593 imperatrices
1377 2493 1521 2567 decorari
1561 2495 1791 2568 Romanorum
1827 2498 1982 2572 institutis

675 2597 871 2698 iampridem
895 2601 1038 2697 placuit,
1063 2625 1126 2669 nee
1157 2599 1246 2670 aliter
1276 2602 1344 2671 voti
1379 2621 1518 2693 compos
1550 2594 1618 2666 fieri
1653 2595 1779 2693 posset,
1823 2605 1980 2697 primmn·

676 2703 858 2800 calyptram
875 2705 969 2797 capiti
987 2696 1088 2770 Crasis
1114 2696 1290 2798 imposuit,
1317 2696 1462 2798 pretiosis
1485 2691 1640 2792 lapidibus
1669 2719 1700 2768 et
1725 2707 1900 2800 margaritis
1919 2723 1982 2777 tot

675 2825 709 2879 et
734 2802 846 2874 talibus
872 2801 1077 2892 dissindbam,
1102 2827 1202 2900 quam
1215 2806 1360 2882 eiusvir,
1374 2799 1578 2872 Andronicus
1605 2801 1797 2897 imperator,
1817 2803 1976 2902 gestabat.-

677 2911 787 3000 Atque
812 2899 896 2973 iude·
917 2895 1096 2999 auspicata,
1122 2907 1232 2999 priore
1265 2900 1418 3002 deinceps
1452 2897 1674 2998 pretiosiorem
1713 2910 1889 3002 quotannis·
1924 2907 1978 2979 isli·

677 3003 772 3078 misit.
822 3008 902 3103 Qis
928 2999 1052 3102 singula
1078 2999 1197 3074 domus
1217 3008 1443 3100 imperatoriae
1456 3023 1645 3073 ornamenta
1659 2999 1862 3099 percenseat,
1889 3033 1981 3106 quae

581 3166 584 3170 -
676 3109 836 3182 Romanis
861 3122 970 3202 erepta
994 3109 1027 3173 in
1040 3103 1170 3176 Crasem
1184 3105 1333 3177 Seruium
1350 3157 1364 3188 ,-
1384 3108 1605 3202 imperatoris,
1633 3111 1729 3176 coniu
1757 3112 1780 3177 is
1804 3103 1866 3199 sni,
1893 3109 1980 3180 leni-

679 3212 735 3282 tati
761 3202 920 3291 isludeus,
944 3225 978 3277 et
1003 3199 1094 3276 sitam
1118 3201 1214 3304 ipsius
1239 3207 1444 3305 cupiditatem
1472 3204 1626 3302 explens,
1660 3133 1871 3280 conserebat?
1906 3216 1982 3283 Cu·

658 3326 661 3333 '
707 3305 764 3380 ido
790 3327 899 3380 autem
922 3311 989 3377 eius
1012 3309 1094 3378 haee
1118 3328 1208 3391 erat,
1232 3304 1298 3380 fisci
1325 3310 1522 3406 imperatorii
1547 3300 1710 3380 thesauros
1735 3315 1767 3380 in
1795 3312 1981 3387 liberorum·

678 3336 837 3495 ssorum,
865 3403 1047 3508 praesertim
1074 3409 1249 3482 Cralaeuae
1273 3405 1379 3492 filiae,
1405 3407 1515 3480 sitium
1545 3410 1720 3481 exhaurire.
1771 3417 1901 3514 Qippe
1931 3439 1981 3488 ese
2058 3443 2064 3450 ·

683 3517 749 3588 hac
771 3507 993 3608 suscepturum
1020 3510 1136 3582 liberos
1163 3513 1292 3584 Cmiem
1318 3537 1438 3611 eosque
1465 3506 1600 3583 visuram
1629 3507 1658 3580 se
1682 3509 1831 3610 sperabat.
1867 3521 1988 3614 Atque·

681 3613 810 3688 idcirco
841 3607 1067 3709 praefestinans
1104 3639 1378 3713 praecurreusque
1412 3612 1594 3710 legitimum
1627 3635 1777 3712 tempm,
1811 3611 1986 3690 thesauros·

627 3771 636 3780 -
681 3715 742 3788 iliis
765 3713 971 3811 reponebat,
1009 3713 1123 3807 quibus
1158 3711 1256 3784 adiuti
1284 3735 1315 3785 et
1341 3735 1526 3812 opportuna
1561 3710 1692 3784 tandem
1725 3712 1896 3788 occasione
1928 3724 1983 3791 in'·

683 3819 795 3894 uitari,
823 3816 1048 3886 Romanarum
1069 3817 1186 3886 virium
1199 3815 1447 3888 imbecillitatem
1474 3820 1719 3914 opprimerent,
1747 3822 1979 3916 etituperium,

686 3911 778 4016 quod
804 3913 984 4004 volentibus
1010 3917 1169 3986 Romanis
1192 3943 1261 3988 uon
1292 3913 1390 3988 sortiti
1421 3911 1544 3997 esseut,
1581 3914 1694 3989 iisdem
1735 3922 1838 3990 inuritis
1875 3927 1986 4020 eripe·

684 4035 819 4092 sent.—
837 4019 902 4088 Res
928 4035 1035 4087 autem
1061 4043 1131 4088 nou
1158 4045 1197 4088 ex
1213 4012 1856 4093 illius'sententiasuccedebant-Crasse
1870 4028 1988 4106 enim,-

687 4117 943 4220 quadragenrio
970 4121 1098 4202 maior,
1124 4146 1200 4190 cum
1227 4119 1330 4217 pueiia
1359 4123 1436 4192 otto
1462 4145 1565 4188 armos
1592 4141 1662 4191 nata
1675 4119 1885 4220 congressui,
1909 4151 1989 4199 nta-
2034 4186 2040 4192 .

688 4227 803 4294 tricem
828 4223 894 4292 eius
918 4215 1029 4302 laesit,
1053 4240 1087 4294 vt
1111 4215 1244 4294 foetum
1267 4221 1392 4296 nussum
1418 4219 1553 4322 posihac
1578 4217 1673 4294 edere
1702 4219 1822 4321 posset..

1282 4408 1395 4506 sar·
1438 4473 1442 4482 -

796 4562 934 4612 roravit·
960 4539 1148 4636 imperatrix
1173 4546 1267 4614 etiam
1293 4547 1356 4618 bac
1382 4541 1435 4646 spe
1460 4543 1628 4628 frustrata,
1655 4541 1700 4618 ad
1721 4541 1813 4618 asiam
1845 4541 1876 4622 sb
1902 4577 1986 4625 con·

692 4639 809 4711 uertit:
835 4660 894 4743 et,
928 4644 1041 4738 quietis
1081 4646 1273 4736 impatiens,
1299 4647 1406 4720 mustis
1442 4671 1536 4749 atque
1569 4649 1846 4722 iiummerabilibus
1885 4649 1988 4726 doma·

579 4825 589 4838 Β
690 4737 780 4811 crasi
807 4735 996 4838 persuadet,
1024 4749 1185 4838 quoniam
1207 4741 1285 4842 spes,
1301 4750 1385 4821 nulia
1411 4755 1474 4822 iaus
1502 4747 1632 4848 supersit
1656 4745 1870 4847 firseipietidae
1904 4781 1986 4851 pro·

692 4838 730 4912 iis
754 4865 800 4909 ex
823 4840 1001 4922 Cras-aena,
1028 4862 1066 4914 rt
1088 4838 1198 4917 saltem
1212 4847 1346 4921 alterum
1373 4879 1413 4923 ex
1440 4850 1613 4925 Cralaenae
1640 4843 1785 4924 fratribus
1812 4855 1989 4928 Triballi‘ci'

691 4943 887 5112 principuus
913 4941 1074 5016 heredem.
1097 4944 1245 5024 i‘nsiituat
1294 4953 1341 5027 Hi
1371 4957 1556 5032 Demetrius
1589 4974 1682 5029 erant
1713 4974 1745 5028 et
1775 4955 1986 5046 Theodorus

579 5077 582 5080 ·
689 5065 903 5115 mwae

1855 5129 1989 5238 ste

700 5315 704 5320 .
739 5249 792 5321 ‘r-
808 5241 857 5306 1⁴¹»
874 5242 944 5305 uta.
958 5265 988 5331 u
1010 5259 1075 5325 ¹48,
1092 5268 1159 5328 ¹45·
