4642 6992
687 1207 768 1337 ψ’
1069 1208 1551 1320 Τιεκνιοοκνκ

411 1411 416 1421 .
473 1305 553 1440 Imp,
571 1350 678 1432 tonte,
743 1349 745 1352 ⁴

471 1458 520 1529 uu
540 1443 611 1509 Pal.

1233 1465 1261 1512 ι.
1286 1441 1325 1515 C·
1351 1459 1437 1528 1243·
1473 1469 1481 1482 ⁴

688 1557 723 1635 se
747 1584 824 1635 cum
851 1554 907 1630 illo
930 1555 1093 1658 congredi
1117 1561 1289 1654 permittat.
1343 1564 1421 1656 Quo
1447 1576 1517 1631 non
1543 1549 1762 1638 dissuadente,
1788 1559 1857 1630 imo
1871 1573 2004 1640 annm·

686 1683 763 1740 ente
777 1659 1152 1759 -potius,.Amphipolie
1179 1655 1334 1733 consensu
1362 1657 1533 1762 deligitur,
1560 1684 1627 1756 quo
1654 1656 1707 1730 ille
1732 1659 1865 1730 nauibus
1884 1686 1987 1734 ema-

687 1770 739 1847 ri,
765 1765 1006 1860 ‘hic'equitatn
1033 1789 1075 1835 ex
1103 1765 1292 1833 continente
1317 1765 1476 1836 temate).
1530 1762 1655 1858 Scopus
1682 1761 1714 1828 in
1729 1761 1796 1846 hoc
1811 1761 1984 1860 congressu

685 1885 753 1938 erat
776 1868 926 1962 utrique,
962 1860 1049 1936 Crali
1072 1887 1220 1960 nempe,
1253 1881 1289 1935 vt
1315 1863 1579 1959 ApocauchumJ
1589 1875 1600 1918 l
1631 1863 1744 1932 viuum
1776 1884 1925 1958 caperet,
1956 1860 1993 1937 fi'

636 1981 655 1994 ‘
686 1962 822 2067 pollet,
848 1989 990 2062 eumque
1015 1985 1151 2062 propter
1177 1961 1296 2034 bellum
1324 1957 1474 2034 aduersus
1502 1967 1735 2060 imperatorem
1759 1959 1986 2037 ulcisceretur:

683 2066 913 2166 Apocaucho,
940 2083 985 2136 vt
1003 2067 1090 2136 Crali
1115 2061 1335 2162 persuaderet,
1361 2091 1403 2136 ne
1428 2059 1479 2154 se,
1504 2063 1670 2135 volentem
1686 2060 1914 2162 Andronicum
1927 2070 1986 2138 Pa-

685 2167 874 2266 laeologum
901 2191 1062 2265 generum
1087 2151 1197 2236 sutun'*
1207 2170 1437 2263 imperatorem
1464 2161 1645 2246 declarare,
1670 2167 1764 2234 armis
1792 2163 2013 2263 impedirem,

684 2289 719 2342 et
744 2274 1008 2341 Cantacuzeuum
1035 2271 1218 2349 coerceret,
1245 2293 1306 2338 nec
1331 2271 1365 2338 in
1380 2269 1609 2337 Romanorum
1637 2269 1840 2362 prouinciam
1864 2271 1989 2340 reuerti·

688 2369 827 2450 smeret,
852 2366 1093 2468 impedimento
1119 2365 1267 2442 videlieet
1291 2361 1439 2441 futurum
1465 2392 1589 2467 genero
1617 2362 1658 2436 acl
1686 2369 1988 2466 imperiun1:alioe

690 2477 781 2567 eninr
808 2475 900 2568 parui
924 2467 1093 2567 pendebat
1545 2543 1549 2548 ,
1578 2477 1581 2482 ’
1631 2553 1633 2556 ,
1698 2550 1705 2556 ,

668 2573 673 2580 ’
796 2575 877 2643 'Hoc
902 2592 1012 2643 vnum
1036 2595 1175 2672 magnus
1202 2565 1270 2642 dux
1294 2593 1405 2642 reuera
1433 2565 1638 2652 desiderarit,
1674 2593 1736 2639 nee
1763 2596 1831 2653 ne,
1856 2567 1991 2643 ‘Chrele

680 2675 728 2753 ju
754 2674 821 2744 hoc
845 2667 1082 2763 subseminare,
1107 2667 1369 2769 secretorumque
1395 2668 1526 2744 conscio
1554 2675 1639 2768 prius
1669 2689 1829 2760 mortuo,
1860 2674 1990 2744 incom-

691 2793 826 2873 pertum
853 2770 990 2846 mansu·
1031 2777 1113 2846 Patri
1140 2777 1262 2870 quippe
1276 2767 1458 2844 Andronici
1482 2776 1594 2874 generi
1620 2773 1737 2843 Pheras
1762 2799 1897 2871 magnus
1915 2770 1988 2850 dux

599 2884 604 2909 ¹
690 2875 766 2948 talia
789 2901 850 2974 per
878 2871 1038 2972 quosdam
1064 2871 1270 2946 amicissimos
1302 2879 1482 2958 nuncians,
1517 2901 1623 2973 eoque
1649 2899 1726 2944 cnm
1752 2874 1892 2958 Chrele,
1928 2879 1990 2974 qui

690 2971 780 3072 opud
804 2975 1007 3049 Melenicum
1033 2977 1205 3056 manebat,
1232 2995 1369 3074 agente,
1395 2989 1511 3075 et‘pet
1535 2974 1626 3048 illum
1644 2973 1745 3046 Cralis
1771 2970 1919 3073 responsa
1934 3002 1990 3046 ac·

557 3136 563 3154 ,
608 3079 611 3083 ’
679 3081 854 3176 ‘cipiente,
877 3072 1005 3149 rursum
1031 3104 1169 3177 magnus
1197 3071 1286 3158 dux,
1310 3101 1392 3249 guae
1417 3103 1501 3177 opus
1525 3097 1613 3158 erat,
1640 3077 1877 3175 interrogabat,
1904 3096 1935 3148 et
1951 3075 1990 3150 il·

607 3193 615 3200 '
692 3175 748 3260 le,
775 3175 1034 3278 quae-sentiret,
1059 3177 1169 3251 denuo
1193 3173 1310 3277 respon
1335 3177 1416 3251 ebat.
1469 3185 1514 3250 Vt
1538 3197 1646 3250 antem
1674 3177 1881 3251 confirmauit
1906 3181 1986 3250 Cra-

691 3279 777 3372 les',
791 3306 950 3382 magnum
978 3277 1098 3352 dnoem
1123 3296 1235 3352 contra
1262 3283 1494 3376 imperatorem
1521 3284 1787 3352 Cantacuzenum
1815 3306 1888 3360 vere
1903 3277 1987 3351 illud

693 3399 830 3480 petere,
856 3401 913 3475 et,
940 3381 1019 3482 quid
1042 3376 1311 3482 respondendum
1336 3377 1434 3464 effet,
1462 3378 1645 3482 qrraesluit,
1680 3387 1857 3480 imperator
1879 3383 1991 3454 hona·

693 3501 745 3554 tus
769 3481 836 3566 ell,
867 3502 904 3558 vt
928 3478 960 3554 se
985 3485 1024 3555 ab
1050 3483 1107 3555 illo
1134 3485 1303 3555 conueniri
1327 3501 1512 3580 pateretur,
1547 3508 1613 3582 quo
1642 3486 1707 3554 eius
1738 3487 1773 3554 in
1804 3479 1837 3554 se
1868 3480 1994 3554 inuidia

691 3583 834 3668 testatior
858 3581 1032 3658 euaderet:
1056 3590 1215 3657 nimirum
1240 3607 1311 3654 nou
1337 3585 1561 3658 beneuolentin
1586 3609 1661 3683 erga
1675 3582 1854 3684 Augustam
1881 3605 1913 3657 et
1926 3588 1991 3656 im·

690 3704 880 3784 peratorem
908 3683 1015 3758 filium
1041 3682 1135 3760 ciuile
1161 3687 1229 3759 hoc
1255 3682 1374 3756 bellum
1401 3687 1440 3758 ab
1464 3711 1505 3758 eo
1539 3684 1756 3775 inflammeri3
1790 3680 1844 3756 sed
1870 3707 1905 3758 vt
1928 3682 1990 3760 fibi

688 3804 751 3887 per
775 3779 822 3855 fas
848 3806 880 3856 et
905 3781 995 3856 nefas·
1018 3791 1194 3883 imperium
1220 3789 1407 3884 acquireret.
1457 3794 1503 3860 ua
1531 3789 1639 3862 Crales
1665 3811 1727 3858 vm
1758 3812 1835 3860 cnm
1870 3791 1990 3860 canta·

570 3957 579 3978 1
687 3910 820 3971 ιμκειιο
844 3881 885 3957 ad
912 3882 1014 3957 Salios
1037 3880 1149 3968 lacns',
1175 3905 1210 3960 vt
1236 3885 1457 3984 appellantur,
1491 3888 1587 3960 castra
1622 3883 1721 3971 facit,
1754 3891 1881 3986 magni·
1896 3891 1991 3962 ducie

591 4253 661 4388 uti
713 4317 717 4322 ’

679 3982 861 4094 appcdsum
883 3981 927 4058 ad
950 3989 1208 4092 Amphipolim,
1233 4007 1269 4062 vt
1293 3988 1336 4060 ibi
1362 4015 1440 4064 eum
1464 4007 1707 4074 conuenturus,
1740 3983 2000 4110 exspectem-J

1302 4217 1311 4234 .
1339 4183 1352 4231 t
1374 4187 1403 4233 0.
1443 4221 1446 4232 .

798 4273 974 4356 Caeterum
1000 4283 1163 4383 Georgius
1186 4159 1556 4385 ehunlnrn⁷3magnui
1582 4283 1871 4386 llratopedarcha,
1903 4305 1991 4357 enne

691 4378 832 4463 debelti
856 4386 1063 4468 auctoribus,
1089 4381 1131 4454 ad
1156 4387 1393 4482 imperatricem
1418 4383 1549 4470 adiens,
1574 4413 1733 4490 magnum
1759 4387 1877 4459 ducem
1901 4385 1990 4460 clam

571 4513 580 4519 ·
668 4479 872 4568 occulerit,
899 4491 956 4588 qui
983 4511 1064 4582 opes
1091 4483 1285 4658 reigublicae
1303 4477 1453 4558 inutiliter
1479 4485 1660 4586 dissiparet,
1686 4509 1718 4562 et
1742 4487 1781 4560 nd
1795 4487 1913 4574 bellum
1926 4505 1989 4559 ter·

692 4571 792 4668 restre
817 4581 945 4660 classem
970 4586 1051 4660 nihil
1073 4611 1136 4683 pro
1164 4583 1279 4659 ituram
1308 4583 1482 4660 instrueret.
1531 4593 1596 4688 Qui
1622 4595 1711 4664 euim
1739 4585 1836 4664 clusis
1872 4607 1988 4660 contra

694 4691 981 4773 cautaeuzenum,
996 4712 1086 4777 ‘cum
1099 4685 1186 4789 apud
1200 4685 1363 4760 Triballos
1375 4685 1585 4776 manentem,
1612 4712 1681 4765 tum
1695 4689 1987 4785 Didymotichum,

606 4857 609 4865 .
692 4788 809 4863 urbem
831 4791 950 4888 procul
973 4817 993 4863 a
1017 4797 1101 4864 mari
1123 4785 1306 4878 semotam,
1332 4789 1534 4867 obtinentem
1548 4789 1741 4868 dimicaret?
1766 4787 1916 4866 ‘Suadet’
1928 4817 1988 4890 pa·

1911 4915 1992 4970 cem

706 5154 719 5182 ⁸
745 5053 793 5146 ‘l
818 5062 931 5161 ‚inne
965 5049 1001 5138 te
1036 5054 1056 5133 ὅ
1090 5063 1235 5158 Κςαληε
1255 5047 1329 5166 «ἐξ,
1408 5069 1466 5137 1³7·
1491 5057 1924 5154 centumcentumn
1954 5076 1986 5142 p.

694 5183 834 5257 fflf'l'ss·
1195 5191 1202 5222 ²
1364 5186 1426 5258 529,
1449 5187 1510 5248 530.
1555 5256 1560 5266 Ι
1610 5225 1612 5228 .

556 5280 558 5283 ’
735 5260 869 5360 fluet
894 5286 1013 5361 μεγαν
1037 5251 1151 5342 bute·
1222 5317 1224 5320 -
1269 5305 1292 5384 ¹,

601 5304 612 5342 b
