4642 6992
691 1177 771 1266 on
806 1172 1117 1255 avroanrs.
1189 1240 1191 1243 .
1502 1204 1564 1281 45,

255 1387 351 1464 Dum
374 1386 483 1483 itaque
510 1383 620 1479 copias
644 1378 856 1455 Andronicus
879 1385 992 1455 lunior
1024 1385 1137 1483 cogit3
1160 1396 1320 1457 venerunt
1352 1401 1371 1453 a
1395 1380 1561 1463 Michaele

254 1508 424 1569 oratores,
462 1486 537 1583 qui,
560 1482 652 1557 illurn
678 1478 953 1581 Osphentillhlaui
977 1480 1124 1585 defuncti
1150 1488 1236 1583 regis
1261 1481 1393 1557 viduam
1419 1510 1561 1565 uxorem

256 1583 379 1661 duxiffe
393 1606 440 1707 ‘et
465 1609 582 1683 pacem
607 1586 785 1683 ampledli‚
812 1592 1015 1657 nunciarunt.
1064 1590 1126 1705 His
1152 1589 1295 1657 maxime
1324 1584 1423 1658 laetus
1457 1593 1562 1689 impe·

254 1682 1180 1889 lss⁰tgtlhttitff⁶.².hllffttfmlil2‘030‘lzl‘3.
1193 1685 1479 1877 ulturus.
1496 1716 1562 1865 l:

254 1913 303 1967 ter
325 1919 365 1962 ac
389 1911 547 1987 nepotem
573 1883 839 1972 recrudescente,
865 1892 921 1962 hie
944 1888 1002 1964 sibi
1026 1888 1226 1964 Michaelem
1254 1908 1366 1961 contra
1391 1888 1482 1965 illum
1508 1890 1564 1966 ad·
1637 1914 1640 1919 ’
1704 1914 1709 1929 ·

256 1997 360 2069 iunxit
386 1984 522 2065 socium.
572 1998 617 2065 At
641 1994 668 2062 ir
694 1990 869 2064 maioribus
893 1988 1055 2089 promissis
1089 1992 1129 2065 ab
1162 2018 1226 2065 auo
1259 1985 1461 2077 sollicitatus,
1493 2000 1561 2071 eiua

257 2117 363 2197 parter
388 2094 558 2191 amplexus
583 2090 654 2176 est,
677 2097 772 2192 eique
797 2094 913 2167 auxilia
937 2088 1098 2166 submifit:
1126 2119 1210 2191 quae
1234 2108 1360 2175 tamen,
1387 2096 1562 2193 imperato·

258 2203 299 2271 ris
324 2199 460 2267 iunioris
487 2196 584 2265 minis
608 2198 756 2277 territus,
794 2198 859 2268 cito
884 2198 1061 2267 reuocauit.
1113 2196 1237 2268 Maiori
1262 2197 1391 2267 iuterim
1424 2196 1564 2272 coueuo
1658 2226 1662 2233 ·

262 2296 408 2377 Michael
442 2298 609 2375 exercitu,
643 2290 755 2367 denuo
794 2298 829 2367 in
860 2300 1046 2393 prouincias
1074 2297 1307 2369 Romanorum
1349 2298 1470 2397 irrupit.
1507 2295 1565 2372 sed

263 2401 349 2474 breui
375 2396 452 2498 poll
474 2402 557 2469 inter
581 2400 813 2494 imperatorem
838 2422 876 2469 ac
905 2396 1079 2496 Bnlgarum
1112 2393 1153 2469 de
1178 2423 1258 2495 pace
1290 2398 1352 2467 hac
1382 2397 1454 2500 lege
1472 2424 1565 2489 con·

261 2508 373 2581 uenit,
402 2520 439 2574 vt
464 2503 641 2597 imperator
665 2496 822 2571 Bucelum
848 2499 985 2582 vrbem,
1009 2524 1108 2599 quam
1122 2498 1182 2571 Bul
1205 2504 1250 2571 ari
1276 2520 1501 2596 occuparant,
1515 2526 1566 2575 re·
1617 2526 1623 2539 ’

263 2608 389 2703 ciperet.
443 2600 580 2701 Aliquot
605 2602 696 2672 annis
721 2600 797 2706 poll
821 2627 848 2673 a.
873 2605 912 2673 C.
939 2592 1025 2688 ¹3l0·
1050 2526 1204 2673 Michael
1222 2604 1257 2670 in
1280 2602 1410 2673 Seruios
1443 2602 1574 2681 bellum.

264 2708 393 2785 mouit,
420 2705 509 2775 cuius
533 2695 565 2772 se
591 2696 737 2773 futumm
763 2696 889 2775 socium
912 2698 1247 2775 Andronicus'lunior
1261 2697 1459 2799 promiserat.
1486 2709 1566 2778 Cro

265 2806 307 2882 les
332 2804 515 2901 Stephanus
539 2798 691 2876 uniuersis
716 2808 808 2903 regni
835 2804 951 2878 viribus
966 2802 1166 2877 Michaelem
1191 2804 1304 2902 petiit,
1330 2829 1471 2905 eumque
1484 2826 1566 2882 tem·

266 2933 344 3008 pore
369 2900 602 2986 induciarum,
639 2928 716 3003 quas
749 2931 826 2976 cum
857 2903 914 2977 illo
949 2908 1060 3004 patius
1093 2900 1220 2991 fuerat,
1252 2902 1377 3003 perfide
1410 2905 1565 2993 adortus,

266 3006 351 3081 clade
377 2998 497 3079 affecit.
547 3004 694 3079 Michael
718 3001 785 3105 ipse
817 3007 886 3078 hoc
910 3005 1037 3104 proelio
1063 3027 1197 3105 captus,
1228 3031 1274 3078 ex
1307 3007 1440 3081 vulnere
1474 3013 1564 3084 breui

266 3108 335 3211 poll
359 3102 541 3207 exspirauit.
594 3111 656 3181 His
683 3110 725 3177 ita
750 3106 869 3207 gestis,
894 3106 1047 3207 Balgari,
1071 3104 1160 3205 pulsa
1177 3106 1347 3181 Michaelis
1373 3109 1493 3196 vidua,
1516 3107 1566 3187 so·

268 3238 338 3284 rore
362 3216 456 3309 impe
473 3214 569 3283 atoris
598 3204 778 3281 Andronici
805 3214 957 3292 lrmioris,
984 3212 1086 3308 priori
1111 3214 1178 3282 eius
1204 3214 1359 3311 coniugi,
1388 3238 1472 3312 quae
1497 3216 1565 3287 Ste·

266 3314 360 3412 phani
383 3305 481 3386 sotor
504 3328 595 3393 erat,
619 3316 757 3410 regnrim
783 3308 1003 3385 reddiderunt.
1055 3310 1179 3411 Quibus
1204 3313 1348 3383 Romani
1373 3318 1511 3411 cognitis
1523 3318 1566 3387 ir·

266 3417 414 3509 mptione
428 3418 471 3484 in
498 3410 681 3509 Bulgariam
705 3405 814 3495 satia,
840 3438 942 3511 eaque
968 3408 1106 3495 vastata,
1132 3411 1348 3495 Anchialrmr,
1372 3408 1564 3489 Mesembri-

267 3540 317 3587 am
340 3534 372 3587 et
394 3514 505 3615 plures
536 3512 609 3585 alias
632 3514 723 3588 urbes
750 3510 916 3613 deditione
937 3530 1139 3612 receperunt.
1189 3516 1280 3587 Haec
1303 3517 1385 3587 inter
1408 3514 1563 3616 Bulgari,
1614 3570 1620 3577 „

267 3618 359 3689 eiedla
383 3616 488 3689 Cralis
514 3617 668 3713 Stephani
692 3614 828 3698 sorore,
855 3641 1136 3696 narrationum,
1157 3617 1436 3689 eStreantzimoro
1455 3622 1564 3694 etMi·

269 3719 375 3792 chaelis
407 3712 517 3789 sorore
545 3737 682 3798 natum,
706 3713 763 3789 fibi
790 3743 903 3819 regem
929 3710 1162 3816 praefecerunt.
1214 3721 1278 3820 Qi
1305 3712 1495 3820 fimulatque
1515 3746 1565 3796 re·

237 3830 242 3837 ’
270 3844 338 3891 mm
361 3824 487 3915 potitus
503 3816 583 3899 cll,
609 3844 686 3889 curn
711 3816 928 3917 Bulgarorum
956 3821 1098 3889 exercitu
1124 3836 1157 3889 et
1182 3820 1383 3890 Tatarorum
1415 3818 1562 3903 auxiliis,

270 3942 371 3991 contra
401 3920 519 4001 urbes,
543 3942 625 4016 quae
651 3924 840 4017 imperatori
865 3917 1067 3991 deditionem
1093 3913 1258 4001 fecerant,
1283 3914 1473 4017 profec‘hrs,
1499 3950 1563 4004 eas,

270 4040 387 4119 praeter
412 4014 669 4103 Mesembriam,
693 4025 815 4121 recepit
841 4046 968 4094 omnes.
1005 4016 1204 4091 'Accedente
1229 4040 1309 4093 vero
1336 4048 1412 4093 cum
1436 4029 1565 4124 magnis

271 4125 365 4217 copiis
388 4126 608 4218 imperatore.
633 4121 752 4195 viribus
776 4118 838 4195 suir
852 4119 1014 4197 ‘diffidens
1040 4116 1244 4205 Alexander,
1271 4117 1313 4194 de
1338 4148 1418 4220 pace
1441 4124 1566 4227 legatos

273 4220 359 4295 milit.
383 4248 469 4324 quae
495 4224 544 4294 his
569 4219 702 4295 tandem
728 4222 968 4297 conditionibus
992 4219 1174 4320 compohra
1188 4219 1254 4302 est,
1281 4242 1316 4295 vt
1328 4225 1486 4301 Romanis
1501 4234 1590 4303 Am·

274 4324 409 4407 chialus,
436 4324 579 4424 Bulgaris
602 4350 683 4399 vero
706 4329 805 4399 Diam
832 4323 890 4399 olis
913 4320 1111 4397 redderetur.
1158 4326 1252 4396 Haec
1288 4320 1368 4396 dum
1400 4350 1565 4428 aguntur,

273 4428 494 4509 Tantorum,
520 4450 603 4525 quos
627 4446 740 4498 contra
764 4351 935 4500 Belaurum
959 4444 1110 4523 patmum
1137 4445 1329 4497 errocauerat
1355 4423 1565 4511 Alexander,

275 4523 464 4600 accesserunt
487 4526 611 4599 auxilia.
661 4532 750 4600 Cum
775 4531 847 4610 his,
873 4552 1016 4616 eorum,
1042 4552 1125 4625 quae
1138 4523 1180 4598 de
1194 4550 1273 4623 pace
1299 4528 1496 4616 adhaerent,
1521 4525 1567 4603 se·

277 4655 385 4712 cirrus,
418 4632 591 4702 Romanoa
615 4622 655 4695 ud
682 4624 948 4703 Rhosocastrum'
961 4625 1116 4710 adortus,
1148 4630 1225 4700 vicit
1255 4626 1391 4725 proelio.
1425 4626 1480 4704 led
1510 4656 1567 4707 eo·

186 4737 188 4820 ³.
278 4727 348 4801 dem
373 4726 483 4803 adhuc
507 4727 560 4801 die
584 4720 689 4803 mrsus
714 4728 755 4803 de
780 4756 860 4831 pace
883 4729 1006 4829 legatos
1030 4725 1124 4801 milit.
1177 4731 1251 4829 Qra
1272 4721 1404 4801 tandem
1419 4758 1477 4815 ea,
1502 4756 1568 4832 qua

279 4826 362 4912 dixi,
387 4828 462 4927 lege
485 4823 692 4927 compolita,
718 4852 852 4932 vterque
878 4828 1017 4903 domum
1045 4826 1244 4903 reduxerunt
1265 4834 1429 4905 exercitus.
1469 4838 1508 4907 A.
1529 4838 1570 4911 C.
1598 4824 1600 4831 ⁵

280 4954 327 5015 133
344 4967 360 5003 ·.
383 4928 481 5003 millis
505 4926 690 5004 Alexander
712 4932 822 5033 legatis
849 4930 920 5005 filio
944 4926 1169 5031 firoMichaeli
1195 4935 1395 5029 imperatoris
1418 4933 1518 5008 filiam
1534 4940 1573 5011 in

282 5035 521 5103 matrimonium
546 5037 683 5130 rogauit.
733 5038 825 5109 Haec
850 5033 925 5105 licet
956 5032 1145 5129 imperatori
1199 5058 1291 5104 amm
1325 5052 1414 5134 grata
1449 5034 1572 5113 accide-

283 5154 368 5215 renr3
395 5133 528 5214 tamen}
562 5158 638 5202 cum
664 5130 741 5207 inde
765 5132 896 5237 aliquod
922 5131 963 5206 ad
989 5161 1093 5237 remp.
1126 5058 1388 5215 redundaturum
1424 5138 1575 5215 arbitrare

337 5234 474 5311 Memor.
503 5233 545 5309 T.
568 5236 625 5311 ΙΙ.
649 5237 695 5315 Ρ.
717 5239 773 5317 ΙΙ.
879 5240 923 5317 Μ
945 5262 984 5314 m
1006 5260 1044 5316 tu
1519 5260 1573 5319 tur
