4642 6992
783 1176 1116 1259 cAPvT-xxv.
1537 1184 1606 1270 aar

877 1350 880 1357 ,
1614 1282 1817 1365 tantona»

844 1408 871 1455 2·
899 1386 937 1457 C·
965 1406 1049 1474 1343·
1614 1383 1662 1433 tte
1707 1366 1785 1433 Pas.-

281 1510 374 1591 c'btm
399 1517 432 1583 in
459 1532 585 1583 carcere
612 1506 827 1596 custodirent,
854 1514 906 1587 vel
932 1522 1037 1611 potius
1070 1512 1283 1591 occiderent:
1312 1509 1358 1585 fic
1389 1514 1480 1588 euim
1513 1504 1606 1609 posse

281 1644 338 1691 eos
363 1618 541 1712 imperinm
568 1615 759 1687 Romanum
792 1621 869 1687 citra
901 1614 1046 1688 laborem
1079 1612 1218 1715 adipisci.
1266 1615 1376 1687 Crases
1407 1616 1605 1686 cohortatio·

280 1744 339 1791 nes
366 1721 431 1788 eius
457 1734 491 1787 vt
517 1708 675 1799 nefarias,
703 1742 808 1793 uxore
830 1712 1034 1817 potdsrnruur
1060 1716 1248 1801 adnitente,
1272 1736 1305 1789 et
1328 1720 1364 1789 in
1388 1740 1430 1792 eo
1450 1709 1538 1789 fratri
1548 1708 1605 1784 ad·

279 1808 447 1903 uersante,
473 1810 662 1917 repudiauit,

877 1924 907 2023 ᾗ
933 1930 1004 2013 461.

386 2082 522 2166 Moesus
550 2092 676 2187 copiis,
703 2106 834 2186 quantas
860 2090 928 2161 urbi
955 2084 1154 2161 obfidendae
1179 2090 1309 2189 putabat
1332 2086 1499 2174 sufficere,
1534 2084 1609 2163 mis

282 2190 349 2272 sss,
373 2212 479 2292 prope
505 2215 616 2262 muros
642 2186 746 2260 castris
770 2187 879 2288 positis
903 2186 1028 2261 seruare
1054 2189 1159 2271 iussrt,
1191 2188 1325 2291 perinde
1351 2192 1437 2290 quasi
1462 2216 1525 2289 pro
1550 2195 1613 2265 ola

283 2288 367 2364 sessu
393 2311 504 2365 contra
529 2294 699 2363 Romanos
728 2312 1016 2390 propugnaturos:
1042 2318 1078 2365 re
1098 2288 1196 2389 ipsa,
1227 2313 1263 2368 vt
1292 2289 1454 2390 oppidum
1479 2288 1609 2389 ipsuuet

284 2393 495 2466 commodius
520 2388 706 2465 obsiderent
730 2410 763 2463 et
790 2412 1025 2491 oppugnarent.
1076 2394 1220 2467 Fadium.
1259 2395 1348 2464 Nam
1373 2396 1532 2466 Romanis
1546 2388 1609 2464 sae-

281 2521 326 2593 pe
352 2492 485 2595 quidem
510 2488 763 2573 incursantibus,
791 2488 845 2563 sed
877 2492 989 2565 s'essine
1020 2492 1270 2576 recedentibus,
1300 2490 1611 2586 Didymotichenses

281 2598 444 2669 licentiam
471 2596 580 2677 nadii,
605 2596 771 2665 Thraciae
797 2594 888 2664 vrbes
915 2596 1016 2667 nosiu
1043 2592 1165 2691 diuque
1191 2592 1277 2691 depo
1305 2592 1453 2679 rlantes,
1476 2592 1625 2669 indevi.
1693 2630 1703 2640 ·

283 2701 376 2770 cium
400 2694 456 2769 fibi
506 2694 707 2767 uaeritabaut.
760 2690 885 2766 Moesta
919 2714 1027 2766 autem
1059 2695 1170 2794 possea
1193 2620 1442 2788 inundantibus,
1469 2693 1610 2767 affiden-

281 2826 348 2897 que
387 2824 445 2898 per
477 2722 545 2867 die‘s
570 2794 729 2895 plurimos
755 2796 1043 2879 incumbentibus,
1095 2822 1144 2868 tes
1178 2822 1298 2869 eorum
1332 2798 1542 2869 vehementer
1572 2802 1610 2868 iu

280 2900 453 3000 angustum
480 2893 627 2969 redadiae
653 2892 744 2973 sunt,
773 2897 923 2969 omnibus
948 2902 1013 2967 iarn
1040 2896 1083 2967 ob
1108 2892 1233 2989 samem
1258 2894 1299 2969 de
1325 2900 1389 2969 vita
1406 2894 1610 2996 periclitanti·

280 3003 366 3074 bus:
391 2996 550 3099 siquidem
576 2994 686 3070 Moesi
713 3022 872 3097 peraeque
899 3018 930 3069 et
955 3000 1126 3072 Romanos
1152 3002 1266 3073 vrbem
1292 2994 1443 3096 adoriri,
1471 3019 1506 3071 et
1535 3000 1609 3071 Ro-

281 3128 400 3175 manos
426 3102 503 3173 vrbe
527 3102 616 3171 exire
641 3098 864 3197 prohibebant.
916 3096 1017 3185 Quod
1043 3095 1069 3169 fi
1095 3104 1151 3198 qui
1177 3098 1219 3173 de
1250 3124 1346 3173 utore
1377 3098 1423 3171 ad·
1454 3099 1616 3197 praedam·

282 3202 363 3292 dunt
389 3198 641 3303 egrederentur:
667 3202 775 3291 (haee
801 3204 888 3271 enirn
915 3220 981 3271 erat
1008 3196 1081 3297 ipsis
1106 3206 1249 3274 maxime
1283 3196 1452 3273 necessaria
1488 3197 1529 3271 ad
1565 3205 1618 3275 vi··

281 3326 352 3377 tarn
376 3296 613 3377 sustentandam
635 3327 720 3373 exeo
746 3303 817 3372 'tata
841 3305 950 3392 ratio)
986 3322 1189 3375 occurrentes
1222 3298 1333 3376 Moesi
1363 3305 1541 3401 (quorum
1575 3306 1616 3374 ite

281 3410 352 3479 hoc
376 3400 613 3505 prouidentiam
646 3422 678 3474 et
712 3327 953 3474 (blictrudtnens
980 3428 1014 3473 m
1059 3428 1134 3473 narn
1173 3398 1284 3476 saliere
1319 3427 1392 3473 uon
1429 3404 1609 3501 poteraut)

283 3510 374 3607 equis
399 3526 432 3577 et
456 3508 553 3576 armis
577 3498 715 3574 nudatos
742 3506 774 3573 in
800 3503 912 3575 vrbem
938 3508 1065 3603 regre'i
1093 3498 1247 3579 sinebant.
1284 3506 1317 3574 Si
1329 3500 1610 3597 Didymotichen·

280 3605 328 3681 ses
355 3602 542 3680 huiusmodi
568 3601 747 3702 praedones
773 3606 864 3701 apud
884 3602 983 3675 duces
1016 3610 1173 3676 exercitus
1211 3599 1404 3689 deferrent,
1436 3602 1612 3681 affeueraa·

281 3706 400 3781 tissrme
422 3702 680 3804 respondebant,
705 3700 736 3775 se
760 3699 837 3776 fatti
864 3700 1006 3775 inscios:
1043 3732 1104 3776 nec
1137 3700 1208 3776 suos
1249 3700 1312 3777 esse
1344 3724 1410 3776 tarn
1450 3703 1611 3787 audaces,

281 3807 337 3882 sed
366 3814 561 3889 Romanor,
587 3810 644 3903 qui
670 3802 730 3901 ipfi
755 3830 890 3904 quoque
913 3800 1102 3903 praedatum
1129 3803 1367 3887 circumirott,
1397 3798 1612 3906 itrbebantque
1695 3852 1704 3884 ·,

282 3909 381 3983 castra
410 3906 666 4009 perambulantes
690 3932 709 3975 a
734 3930 766 3975 ra
793 3908 912 3977 toribus
937 3901 998 3977 suis
1012 3903 1170 3991 auferre,
1194 3905 1220 3979 st
1246 3932 1314 4007 quo
1344 3905 1437 4006 signo
1471 3924 1529 3981 e'os
1555 3932 1611 3981 co·

309 4006 502 4093 noscerent,
526 4028 558 4080 et
581 4028 726 4081 extrema
751 3933 904 4105 sdpplicia
937 4008 1170 4091 minabantur,
1206 4005 1230 4078 st
1264 4013 1332 4107 quis
1365 4008 1433 4081 talis
1463 4027 1609 4103 repertur

283 4036 400 4188 suffen
450 4108 516 4184 Sed
543 4111 578 4179 hi
602 4104 682 4179 nulli
708 4108 939 4181 cernebantur:
966 4134 1043 4179 nam
1068 4104 1166 4180 duces
1191 4104 1379 4181 huiusmodi
1404 4107 1609 4207 praedatores

283 4242 362 4288 cnm
389 4209 506 4311 pracda
532 4209 635 4281 slatim
658 4212 694 4279 in
719 4204 882 4283 Moesiam
910 4210 1084 4282 mittebant.
1134 4212 1216 4281 Hoc
1241 4214 1337 4309 igitur
1368 4208 1473 4282 modo
1503 4198 1611 4303 Did'y-

208 4369 219 4379 -
284 4308 503 4390 motichenses
528 4316 563 4385 in
588 4315 746 4385 maximas
771 4307 995 4393 diffictdtates,
1019 4314 1130 4413 reique
1159 4309 1292 4387 cibariae
1315 4315 1486 4413 penuriam
1510 4307 1612 4387 addu-

285 4421 329 4493 rssi
354 4404 440 4491 suut.-

880 4518 918 4614 b·
939 4522 1017 4607 462.

393 4686 513 4768 Tum,
537 4679 761 4757 animaduerso
786 4680 955 4781 periculo,
990 4683 1082 4757 Irene
1110 4685 1298 4783 imperatrix
1316 4680 1456 4763 Moesta
1486 4712 1618 4790 praece·

287 4786 364 4884 pit,
389 4786 435 4855 vti
461 4786 505 4858 ab·
524 4786 601 4859 vrbe
627 4782 851 4867 abscederent,
877 4782 1014 4882 anplius
1039 4810 1156 4858 eorum
1181 4784 1302 4857 auxilio
1326 4814 1411 4887 opus
1438 4776 1510 4863 non
1540 4788 1616 4885 esse,

290 4879 385 4985 quod
408 4878 477 4956 satis
502 4884 741 4987 praestitissent,
766 4907 861 4987 atque
885 4882 1007 4961 idcirco
1033 4882 1065 4959 se
1089 4914 1161 4961 nou
1187 4906 1313 4961 tautum
1345 4886 1491 4990 ipsorum
1521 4896 1618 4994 regi,

289 5009 407 5059 verum
432 4991 526 5061 etiam
548 4996 562 5062 i
586 4982 694 5062 firmet
729 4986 846 5063 multas
882 4990 996 5087 gratias
1028 5014 1131 5089 agere.
1182 4982 1324 5074 Moesi,
1357 4999 1547 5095 neutiquam
1584 4987 1618 5067 se
1728 5020 1735 5056 ·.

290 5081 490 5174 recessuros,
516 5018 584 5163 sets
599 5094 803 5163 continenter
826 5086 946 5165 ibidem
974 5118 1036 5191 pro
1058 5094 1200 5195 imperio
1218 5087 1308 5192 ¹regis
1334 5090 1376 5166 ad
1407 5122 1509 5198 opem
1540 5087 1615 5190 ipsis

365 5188 505 5268 Mona.
535 5195 575 5269 T.
599 5196 654 5266 II.
666 5192 778 5269 PJJ.
875 5190 951 5287 ΒΤ
975 5220 992 5269 r
1015 5220 1073 5271 rr
1508 5187 1614 5269 feren·
1723 5296 1726 5300 γ
