4642 6992
791 1202 1006 1281 curra
1033 1207 1136 1285 xxa.
1195 1245 1231 1260 --
1566 1216 1641 1306 aa,

1643 1309 1725 1395 Imp.
1739 1322 1849 1371 roan.

831 1432 858 1479 ,¹
885 1410 924 1487 ς,
951 1430 1046 1499 1344·
1649 1412 1697 1459 na
1739 1396 1809 1461 Pas

298 1527 463 1610 cosniero
512 1526 679 1603 Numerus
703 1530 842 1605 militum
869 1562 929 1633 per
954 1540 1020 1609 hoc
1047 1532 1287 1634 dispertitarum
1321 1540 1409 1636 priua
1445 1537 1510 1613 fuit
1540 1539 1632 1611 mille

295 1638 485 1736 quingenti:
512 1649 586 1704 nrm
609 1658 692 1707 vero
716 1633 803 1706 bello
824 1626 986 1709 Romano
1008 1636 1154 1736 plurimis
1182 1636 1318 1728 deletis,
1343 1638 1445 1736 paulo
1461 1638 1544 1715 infia
1558 1640 1629 1712 mil·

295 1736 328 1811 le
352 1733 623 1816 nurturerabantur,
650 1758 765 1807 orrxues
790 1738 851 1850 v'qi
875 1734 1036 1811 fortillimi
1047 1796 1058 1828 ,
1086 1744 1141 1839 qui
1176 1739 1272 1811 nullia
1300 1744 1493 1835 Romanis,
1535 1760 1629 1843 quot·

298 1858 385 1939 quot
407 1836 601 1933 militarent,
624 1840 725 1907 animi
749 1835 975 1937 magnitudine
998 1837 1177 1940 quidquam
1202 1837 1431 1915 concederent

408 2002 558 2078 l’etitioui
583 1995 759 2071 Alexandri
778 1996 1002 2101 ‚promtillime
1023 1994 1220 2075 saussaium
1239 2003 1308 2077 eil:
1334 2006 1505 2079 timebatur
1515 1998 1630 2094 eoim',

297 2134 342 2181 ne
365 2125 397 2178 et
423 2102 479 2174 illis
506 2096 634 2199 oppidis
660 2106 891 2194 Cantanrzeuo
914 2100 1181 2185 adhaerentibus,
1205 2106 1313 2177 hostes
1338 2132 1404 2204 pro
1422 2104 1627 2179 adiutricibus

298 2230 330 2284 et
357 2202 500 2279 subiectis
525 2222 732 2301 paterentur,
758 2224 791 2275 et
816 2203 902 2277 velut
929 2230 969 2275 ex
983 2207 1229 2300 comparatione
1247 2204 1470 2277 Alexandrum
1490 2203 1631 2291 socium,

299 2336 399 2411 quam
426 2304 601 2379 bellantem
624 2298 772 2376 aduerlus
797 2298 828 2375 l'e
854 2307 1119 2375 Cancacuzeuum
1144 2309 1377 2400 imperatorem
1401 2305 1546 2381 futurum
1562 2334 1630 2379 ma·

298 2413 472 2487 lebana-
485 2403 661 2502 Postquam
685 2401 871 2479 Alexander
895 2406 985 2479 vrbes
1011 2410 1158 2503 accepit,
1182 2404 1227 2477 illi
1252 2432 1329 2480 eum
1358 2434 1400 2479 ex
1422 2411 1525 2506 pactis
1549 2434 1628 2480 con.

299 2516 401 2587 uentis
428 2532 527 2605 opem
554 2500 702 2603 poscunt.
749 2508 822 2577 Rex
842 2504 1027 2597 affirmare,
1053 2504 1086 2576 se
1101 2532 1170 2576 uon
1183 2488 1275 2603 polii
1287 2502 1489 2591 succurrere,
1515 2536 1629 2608 quarn·

301 2612 356 2687 diu
382 2606 491 2683 Persae
517 2612 551 2677 in
575 2606 718 2679 Thracia
743 2604 963 2689 verberentur,
992 2632 1073 2703 quos
1098 2604 1122 2677 st
1150 2606 1324 2704 quomodo
1351 2602 1393 2679 ad
1407 2606 1516 2680 Aliam
1540 2636 1631 2707 repe·

299 2710 432 2789 tendam
458 2702 689 2807 perpulill'errt,
715 2727 787 2779 tum
814 2706 948 2779 deinum
977 2702 1094 2777 iufellis
1120 2702 1217 2805 liguis
1243 2712 1276 2779 in
1296 2713 1561 2781 Cautacuzenum
1575 2737 1629 2783 cn·

298 2811 459 2917 pidissime
488 2814 616 2881 iturum.
666 2812 746 2879 Hoc
770 2834 875 2906 porro
900 2806 992 2879 aliam
1019 2806 1227 2879 molitionem
1254 2831 1287 2883 et
1313 2835 1383 2879 non
1408 2810 1539 2908 vulgare
1565 2810 1627 2882 liu·

298 2916 393 2989 dium
417 2908 605 3011 postulabat.
656 2904 900 2981 Verumtamen
925 2936 1001 2981 curn
1014 2962 1027 2995 ,
1052 2908 1130 3011 quid
1154 2906 1242 2983 alitrd
1268 2928 1423 3011 agerent,
1447 2936 1519 2998 non
1542 2908 1630 2985 vide·

298 3036 393 3103 rent,
417 3019 484 3089 eius
512 3008 675 3086 voluntate
701 3014 970 3111 conquieuerunt.

898 3196 929 3299 §.
955 3192 1042 3288 466.

405 3348 498 3401 rosa
527 3317 692 3397 dil'celliun
716 3326 843 3397 Amurii
868 3326 1003 3425 [quern
1038 3324 1184 3417 Byzantii
1218 3317 1349 3397 tandem
1385 3322 1477 3397 variis
1508 3320 1624 3395 artibus
1638 3347 1709 3431 393,

298 3422 530 3521 obtinuerunt]
544 3462 584 3474 ·-
599 3422 791 3499 Moesorum
819 3453 875 3499 rex
903 3420 1092 3501 Alexander
1110 3424 1269 3525 quidquid
1289 3424 1426 3497 habebat
1452 3429 1623 3522 copiarum

294 3526 454 3598 Stilbuum
480 3526 636 3610 adduxit,
660 3526 853 3627 Palaeologo
881 3532 990 3600 iuueni
1014 3532 1228 3625 imperatori,
1251 3522 1285 3597 id
1313 3522 1403 3626 quod
1437 3520 1622 3624 spoponde·

295 3646 367 3721 ratu,
393 3624 512 3701 auxilio
537 3627 728 3700 iuturus-
748 3632 997 3727 [Apocauchus
1031 3632 1137 3727 itaque
1169 3654 1222 3699 ma
1249 3653 1307 3699 nus
1341 3623 1407 3697 dux
1442 3646 1475 3697 et
1506 3626 1621 3723 reliqui

294 3728 474 3827 proceres]
502 3722 736 3802 adolescentem
763 3732 920 3803 loannem
949 3734 1183 3826 imperatorem
1220 3755 1315 3801 ecum
1342 3723 1520 3803 ducentes,
1554 3732 1622 3800 He-

295 3828 434 3902 racleam
460 3831 622 3903 Thraciae
648 3852 827 3911 venerunt,
854 3837 1082 3929 mittentesque
1104 3836 1200 3905 etiam
1226 3827 1543 3907 admoniturum,
1572 3828 1656 3899 ca-x

295 3930 461 4004 ilellonun
488 3935 643 4029 Meropes
670 3950 702 4001 et
726 3930 864 4003 aliorum
900 3931 1071 4031 agrestium
1098 3960 1118 4003 a
1151 3938 1379 4005 Cantacuzeno
1417 3926 1622 4001 commissam

294 4028 530 4131 praefet‘luram
557 4049 746 4131 gerentem,
771 4032 879 4105 miultis
906 4029 1065 4131 promiffis
1090 4030 1131 4105 ad
1154 4060 1244 4105 arma
1269 4037 1303 4101 iu
1337 4026 1479 4101 eumdem
1519 4024 1623 4129 capes·

295 4130 392 4207 lenda
416 4132 626 4230 pellexerunt.
672 4136 740 4205 lam
766 4136 857 4207 enirn
880 4160 939 4207 ora
963 4136 1139 4207 hominum
1165 4132 1374 4234 peruolabat,
1400 4155 1461 4203 nec
1485 4130 1529 4203 illi
1562 4156 1623 4229 po·

295 4239 393 4311 tentia
418 4231 535 4307 deerat.
565 4300 594 4325 ,,

1640 2470 1715 2547 397·

893 4362 924 4461 d.
949 4366 1026 4453 467.

399 4491 453 4565 Sic
476 4490 582 4587 itaque
608 4488 849 4560 Cantaorzenus
875 4486 960 4559 bello
989 4510 1031 4559 ex
1056 4488 1152 4559 omni
1177 4504 1271 4584 parte
1288 4484 1481 4584 petebatur,
1505 4501 1539 4561 et
1553 4506 1626 4555 me·

279 4608 385 4669 -mere
408 4590 590 4687 cogebatur.
640 4584 888 4659 Nihilominus
915 4614 978 4686 pro
1003 4608 1159 4684 perpetua
1186 4582 1415 4659 consuetudine
1439 4581 1494 4657 lua
1518 4589 1552 4655 in
1563 4606 1622 4681 pe·

292 4692 398 4775 riculis
424 4709 569 4763 mentem
595 4684 755 4761 excellant
783 4692 922 4760 retinens
937 4724 981 4739 «-
1002 4682 1059 4777 πά,
1076 4684 1298 4759 Alexandrum
1341 4680 1538 4759 Moelomm
1570 4709 1620 4756 re·

293 4818 374 4897 gem
396 4791 519 4893 legatos
543 4792 664 4873 urittit,
686 4814 764 4865 eum
789 4791 948 4869 hortans,
972 4788 1017 4859 vti
1041 4785 1109 4859 hoc
1122 4780 1493 4887 negotio‘supersedeat,
1507 4808 1621 4959 dquarr-

828 4892 1097 4977 Rrrrra
1259 4939 1263 4945 -
1431 4935 1434 4942 ·
1531 4888 1683 4987 oqui-

334 5116 399 5185 ³97·
419 5092 463 5163 ld
485 5090 557 5157 ibid.
580 5112 610 5179 P·
639 5094 716 5173 5⁷¹1?
983 5106 1085 5255 ⁵85aaa.
1110 5102 1320 5159 carrucae.
1345 5090 1389 5157 Τ.
1417 5094 1453 5157 11.
1486 5111 1515 5177 p.
1546 5102 1626 5169 584,
