4642 6992
805 1239 919 1317 ΟΜ·
935 1234 1021 1317 VT
1048 1232 1180 1319 llllllll
1287 1318 1296 1327 .
1601 1262 1659 1335 aar

1666 1345 1749 1431 Inep.
1775 1360 1841 1412 arr.

823 1465 852 1513 a.
879 1444 919 1517 C.
947 1462 1017 1530 1322
1032 1481 1076 1496 -
1090 1452 1180 1530 rann
1668 1442 1830 1502 nuourco

323 1560 444 1645 tirs'et
468 1566 498 1646 'ei
524 1575 651 1674 regioni
675 1578 859 1675 imperatis,
884 1602 967 1677 quae
990 1592 1025 1645 et
1047 1571 1227 1677 frequentia
1253 1570 1446 1675 copiarum,
1467 1574 1513 1652 ‘et
1540 1520 1736 1679 ampli-sm
1820 1586 1827 1592 ’

324 1668 437 1747 audine
462 1702 500 1747 ac
523 1690 663 1749 numero
690 1682 880 1759 ciuitatum,
905 1696 938 1748 et
962 1680 1076 1749 annuis
1102 1674 1332 1778 vediigalibus,
1359 1699 1394 1751 er
1424 1684 1517 1752 omni
1529 1706 1652 1780 genere

322 1796 491 1873 apparatus
515 1776 647 1851 illorsum
672 1781 843 1879 regionem
868 1778 974 1875 longo
1006 1777 1176 1853 interuallo
1206 1772 1338 1878 superat
1390 1776 1491 1853 Nefas
1516 1782 1561 1854 est
1592 1786 1650 1881 igi·

322 1896 400 1967 tur,
427 1867 518 1959 eos?
532 1904 731 1979 quamquam
758 1880 974 1959 infirmiores,
1001 1872 1124 1975 spiritus
1148 1878 1362 1951 nihilominus
1388 1886 1587 1980 concipere,
1613 1902 1650 1957 vt

321 1978 416 2049 nobis
444 2000 605 2054 noceant:
630 2007 690 2055 vos
716 2002 825 2055 autern
850 1982 994 2079 potentia
1019 1978 1120 2051 velita
1144 1985 1190 2053 vti
1216 1979 1326 2062 nolle,
1352 1975 1408 2052 sed
1433 1987 1569 2081 impune
1593 2008 1654 2057 eor

321 2084 432 2179 vagari
456 2079 570 2155 liuere.
619 2086 700 2157 Hoc
725 2108 808 2183 ergo.
833 2106 952 2154 munus
978 2078 1118 2154 vellrum
1143 2080 1208 2152 elle
1230 2084 1389 2164 arbitror,
1422 2108 1480 2155 eos
1515 2110 1652 2183 compe·

318 2176 417 2253 scere
469 2180 571 2285 Qiod
595 2180 637 2253 ad
662 2210 717 2257 me
740 2188 869 2266 attinet,
887 2216 923 2227 -
938 2176 982 2251 ad
1005 2183 1073 2253 hoc
1087 2219 1128 2233 -·
1142 2179 1286 2265 bellurn,
1313 2180 1404 2279 quod
1428 2182 1543 2267 inllat,
1577 2212 1650 2260 non

315 2277 424 2356 solum
450 2310 589 2369 manum
613 2282 667 2355 sed
693 2290 789 2358 etiam
814 2277 1019 2383 impensam,
1046 2300 1079 2353 et
1092 2279 1251 2382 quidquid
1263 2284 1343 2355 mibi
1355 2277 1525 2357 semorum
1538 2284 1649 2369 esi,-

220 2468 221 2473 ,
284 2390 288 2397 '
315 2408 382 2483 pro
409 2380 682 2483 glorianomiuis
709 2385 803 2461 uellri
828 2382 978 2459 conferre
1003 2401 1129 2482 paratus
1153 2378 1235 2455 sum.
1256 2380 1408 2455 -ncti
1439 2386 1533 2457 uobis
1562 2382 1652 2459 uide·

318 2506 398 2565 tur,
424 2486 552 2581 iubearis
576 2485 671 2571 licet,
697 2506 730 2561 et
756 2513 843 2570 nos,
870 2490 926 2587 qui
952 2480 993 2555 de
1020 2480 1157 2556 consilio
1176 2478 1308 2573 sumus,
1333 2506 1535 2561 conuentum
1553 2511 1654 2589 agen·

316 2606 394 2676 tre,
418 2590 503 2664 inter
524 2614 588 2665 nor
614 2582 656 2683 de
680 2586 765 2666 bello
788 2587 849 2663 ilio
883 2584 1148 2663 deliberationem
1170 2582 1407 2679 babebimus„.

921 2810 955 2907 §.
978 2810 1059 2898 406.

416 2972 559 3049 Laudare
582 2978 643 3050 viri
668 2974 841 3061 sententia,
864 2968 974 3049 lenior
997 2980 1045 3047 irn
1070 2992 1177 3049 erator
1199 2971 1340 3049 habendi
1364 2972 1488 3051 l'enatus
1515 2972 1570 3049 dat
1587 3001 1724 3077 nem

311 3074 453 3175 gotium.
504 3080 601 3151 Turn
626 3085 739 3179 etqui
765 3105 843 3153 cum
868 3096 993 3179 nepote
1016 3000 1241 3161 adnumerant,
1265 3097 1297 3149 et
1322 3084 1377 3179 qui
1407 3101 1509 3179 penes
1538 3105 1641 3153 auum

313 3180 462 3269 Byzantii
488 3198 600 3263 erant,
625 3182 777 3253 homines
803 3177 951 3261 nobiles,
975 3172 1057 3251 iull‘u
1078 3183 1317 3277 imperatorum
1342 3184 1378 3253 in
1410 3179 1500 3254 aulae
1524 3177 1638 3254 medio

310 3272 357 3348 a'd
385 3274 630 3355 consultandum
656 3278 836 3355 considunt.
873 3279 1022 3365 ,Silenrio
1049 3276 1206 3378 paulisper
1231 3276 1320 3353 fallo
1337 3282 1412 3375 -[
1423 3307 1561 3381 magnus
1581 3278 1641 3352 do·

314 3376 464 3455 melliens
488 3388 573 3455 inter
583 3382 672 3475 alia„
699 3388 809 3476 Quae,
834 3382 979 3483 inquit‚]
1004 3376 1199 3455 Moesorum
1210 3407 1265 3453 rex
1280 3376 1453 3475 insolenter
1466 3387 1501 3454 iu
1512 3406 1573 3455 nos
1587 3366 1645 3476 ²dl

312 3474 453 3565 miserit,
477 3510 540 3557 nec
571 3510 630 3561 ros
654 3490 765 3585 vtique
795 3485 879 3557 latet.
930 3486 1019 3555 Nam
1051 3510 1128 3555 cum
1169 3480 1348 3581 praedones
1379 3483 1459 3567 alii,
1492 3484 1644 3583 quamuis

311 3606 553 3683 nonnunquam
576 3590 674 3658 etiam
699 3590 865 3659 turmatim
890 3588 954 3655 irru
981 3586 1085 3665 erint,
1111 3580 1207 3655 simul
1230 3582 1274 3655 ad
1298 3582 1379 3655 fines
1403 3604 1640 3685 peruenerunt,

311 3701 345 3755 et
369 3680 472 3757 adesse
498 3684 712 3767 animaduerli
738 3682 831 3771 sunt,
857 3690 891 3756 iu
915 3608 1004 3757 sedes
1029 3679 1097 3757 suas
1122 3679 1273 3783 refugere
1297 3680 1440 3759 soleant:
1466 3684 1523 3757 ille
1535 3689 1641 3783 perin-

312 3780 355 3857 de
380 3782 468 3885 quall
491 3814 563 3889 non
588 3793 623 3859 in
646 3789 814 3871 hostium,
838 3782 892 3859 sed
921 3792 953 3859 in
978 3782 1038 3857 suis
1063 3790 1153 3859 terris
1181 3787 1312 3859 haberet
1335 3782 1391 3859 sub
1417 3785 1514 3885 lignis
1547 3806 1647 3875 exeri,

312 3888 440 3972 eitum,
464 3888 555 3963 nullo
581 3910 671 3963 metu
695 3890 777 3963 lines
800 3888 928 3963 nollros
954 3882 1088 3971 insedit,
1118 3882 1229 3961 diebus
1255 3884 1432 3961 duodecim
1445 3892 1527 3984 agris
1539 3882 1640 3986 usque
1749 3944 1755 3951 .

308 3986 426 4070 lteram
450 4007 484 4063 et
508 3990 750 4090 Traianopolin
775 3988 1064 4090 depopulationem
1089 3987 1246 4061 hostiliter
1271 3989 1439 4070 intulit,-
1454 3986 1523 4061 Nili
1548 3994 1727 4071 nuno344·
1837 4060 1842 4069 ,

310 4104 391 4174 not,
415 4116 479 4189 pro
505 4118 546 4165 eo
573 4118 611 4163 ac
635 4112 823 4176 merentur,
850 4094 1103 4192 puniuerimus,
1136 4094 1255 4161 iterum
1286 4116 1325 4162 ac
1355 4091 1491 4163 tertium·
1522 4095 1644 4161 irrum··

309 4210 413 4287 pent,
435 4216 544 4291 neque
567 4186 590 4265 s
602 4192 673 4267 lum
698 4199 860 4278 tenuiores
893 4196 979 4264 ciues
1011 4185 1070 4261 suis
1103 4184 1301 4263 facultatibus
1337 4188 1550 4289 spoliabunt,
1581 4186 1645 4275 feel

252 4376 258 4389 ὓ
310 4312 372 4369 not
396 4320 529 4395 quoque
554 4292 752 4395 opulentos,
780 4302 836 4395 qui
863 4292 1040 4368 multatae
1063 4292 1187 4365 nobiles
1218 4312 1285 4365 tota
1313 4297 1454 4392 regione
1494 4288 1643 4390 polselli·u

311 4414 390 4463 ones
416 4396 595 4480 habemus,
621 4392 747 4468 damnis
774 4422 845 4468 non
879 4394 1167 4493 qualibuscumque
1206 4392 1356 4467 afficient.
1405 4394 1637 4494 Qaurobrem

309 4492 426 4569 hortor
451 4522 534 4579 vos,
555 4517 687 4571 utnon
713 4494 819 4569 modo
845 4521 907 4593 qua
933 4492 1097 4567 altitudine
1125 4500 1257 4577 animi,
1292 4521 1408 4567 uenum
1441 4499 1543 4569 etiam.
1570 4521 1669 4593 quac,

309 4588 439 4669 illorum
467 4594 669 4697 despicientia
694 4600 831 4669 maiores
858 4594 950 4669 uestri
978 4590 1238 4671 constrauerunt,
1266 4598 1300 4663 in
1332 4595 1440 4668 hostes
1473 4591 1637 4685 feramini..

309 4692 397 4766 Nam
424 4696 490 4783 illi,
516 4698 607 4801 quod
632 4693 767 4773 Moesos
793 4692 919 4795 semper
944 4698 1133 4789 vincerent,
1158 4698 1254 4766 tutius
1280 4692 1457 4775 audenter,
1491 4714 1640 4790 contem·¹

310 4790 368 4865 tim
394 4802 509 4872 ineos
535 4798 750 4872 inuadebant:
778 4818 811 4871 et
836 4798 952 4881 nobis,
972 4792 1008 4871 'ti
1041 4820 1158 4868 eorum
1191 4798 1343 4870 uirtutem
1377 4793 1640 4895 alacritatemque‘

305 4900 562 4988 aemulabimur,
586 4898 678 4976 idern
700 4899 808 4974 licebit
817 4936 903 4993 -ψ
1572 4998 1637 5072 Hb

351 5203 410 5277 34³}
436 5214 644 5269 cunracvz.
668 5202 711 5264 Τ.
735 5204 759 5265 1.
781 5220 811 5285 p·
841 5216 891 5271 ua·
1019 5216 1086 5274 att·
1106 5194 1147 5260 Id
1170 5196 1244 5260 ibid
1264 5216 1294 5281 p.
1318 5214 1375 5271 ne,
1433 5204 1439 5215 ·
