4642 6992
719 1220 723 1227 ’
789 1213 997 1295 Clll‘VT
1020 1216 1091 1297 m
1224 1243 1229 1255 ‘
1516 1227 1589 1319 '307
1738 1284 1740 1289 ,
1874 1285 1879 1294 .

1592 1338 1800 1427 imppronrr.

769 1441 799 1492 a,
824 1423 864 1496 C,
890 1434 1099 1517 1343-1357,
1261 1478 1266 1489 ,
1595 1441 1642 1489 ΝΕ
1666 1429 1738 1498 Pal.

287 1532 475 1615 menam
507 1553 543 1611 et
573 1516 728 1638 proceret
758 1540 905 1613 Romani
945 1566 1062 1617 ornnes
1099 1558 1132 1614 et
1155 1538 1284 1627 ducet,
1316 1540 1357 1617 ab
1388 1550 1586 1647 experientia
1595 1526 1736 1673 mxc}
1794 1542 1799 1553 ’
1865 1630 1869 1635 ,
1954 1596 1957 1609 .

286 1642 412 1718 militari
444 1642 559 1732 vrbem
591 1642 876 1741 inexpugnabilem
907 1639 1110 1727 iudicantes,
1143 1648 1279 1719 iuerunt.
1333 1649 1448 1723 Noctu
1482 1677 1586 1751 porro

285 1740 416 1846 quidam
440 1739 482 1814 de
505 1741 598 1842 graui
622 1764 806 1827 armatura,
830 1768 1016 1845 quaecum
1041 1748 1222 1820 triremibus
1246 1744 1351 1821 secuta
1377 1746 1507 1837 fuerat,
1534 1780 1586 1827 ac·

284 1846 428 1922 sedunt,
453 1842 535 1942 quid
561 1839 603 1914 de
626 1840 755 1943 oppido
782 1849 928 1946 cogitet,
953 1847 1213 1946 permundantur.
1261 1848 1445 1947 Imperator
1470 1854 1583 1952 perli.

284 1946 500 2021 mulationem
527 1940 664 2017 viciffinr
691 1952 839 2045 quaerit,
873 1966 982 2021 utrum
1007 1947 1171 2049 probent,
1202 1968 1324 2025 tentare
1351 1958 1504 2035 moenia,
1538 1982 1583 2033 an

284 2042 458 2120 discedere.
507 2045 555 2119 Illi
578 2040 620 2116 ad
647 2052 935 2148 oppugnationem
959 2051 1152 2133 hortantur,
1178 2068 1210 2123 et
1236 2068 1354 2135 orant,
1379 2078 1423 2127 ne
1448 2080 1509 2153 pro
1535 2078 1583 2131 ter
1616 2072 1694 2165 m·

285 2144 522 2223 Edelsenorrrm
544 2140 723 2244 perfidiam
747 2150 788 2222 ab
813 2149 891 2223 vrbe
914 2154 1012 2228 armis
1037 2145 1213 2251 subigenda
1238 2147 1390 2239 desrllat,
1420 2082 1583 2255 liquidem

284 2242 527 2421 lubiggiposs‘er
551 2244 707 2349 suamque
731 2270 764 2323 et
787 2248 927 2323 aliorum
951 2276 994 2350 ex
1017 2252 1222 2337 triremibus,
1256 2253 1369 2353 quibur
1396 2250 1427 2327 id
1454 2252 1581 2355 persua·

284 2343 342 2423 luri
415 2368 495 2431 ent,
528 2368 695 2447 promtam
722 2374 860 2448 opernm
884 2350 1089 2449 pollicentur.
1138 2360 1320 2451 imperator
1343 2351 1515 2431 confilium
1543 2356 1579 2435 il.

283 2447 345 2528 lico
369 2454 554 2624 arripient,
580 2470 636 2521 eos
662 2445 756 2523 sedas
781 2476 995 2550 comparare,
1024 2451 1123 2529 duces
1148 2453 1233 2529 berre
1257 2461 1361 2535 mand
1378 2456 1517 2537 militem
1542 2462 1580 2541 in

287 2556 379 2627 arnna
406 2578 428 2625 a
450 2580 453 2584 ·
475 2552 759 2652 oppugnationem
785 2552 905 2627 labere
930 2555 1027 2629 iubet

865 2717 993 2816 §227-

382 2842 454 2917 Vbi
480 2838 623 2928 dduxit,
654 2846 764 2943 copiae
796 2839 938 2944 digerit,
969 2863 1003 2919 et
1027 2842 1177 2919 barbaros
1211 2846 1313 2921 mutis
1346 2848 1435 2921 iuxta
1463 2844 1579 2929 locuta
1623 2860 1626 2871 '

283 2936 461 3029 admouet,
486 2946 576 3019 vnde
601 2944 673 3017 vrbs
697 2950 771 3046 capi
793 2946 886 3022 nullo
911 2944 1018 3019 modo
1042 2967 1191 3047 poterat:
1216 2968 1274 3033 vt,
1299 2944 1326 3020 li
1352 2975 1388 3023 ea
1412 2943 1500 3024 forte
1524 2977 1577 3023 ca·

283 3068 435 3148 peretur,
462 3072 539 3127 ‚nou
565 3046 745 3132 haberent,
770 3070 834 3145 qua
859 3044 989 3140 ingrtffi
1013 3048 1137 3148 aliquot
1161 3046 1380 3126 trucidarent:
1404 3055 1415 3121 i
1441 3048 1472 3125 se
1497 3074 1581 3126 vero

287 3174 359 3221 curn
383 3147 536 3232 robore,
564 3149 773 3245 cataphractis
798 3145 914 3222 scilicet
939 3175 978 3221 ac
1001 3148 1187 3231 nobilitate,
1217 3148 1259 3221 ad
1284 3174 1393 3222 arcens
1415 3076 1450 3223 le
1474 3150 1577 3251 appli·
1711 3202 1713 3220 .

285 3256 369 3335 cuit,
390 3249 464 3325 ubi
498 3252 584 3320 muri
615 3246 793 3321 validiffimi
827 3270 860 3323 et
891 3250 1116 3323 Triballorum
1149 3244 1451 3351 Edess'euorumque
1486 3250 1574 3325 llosr

282 3350 354 3423 alios
382 3346 484 3421 duces
508 3376 586 3421 curn
613 3346 776 3440 ordinibus
801 3342 861 3421 suis
886 3348 928 3423 ad
951 3350 1025 3423 aliar
1051 3354 1223 3425 moenium
1250 3370 1377 3451 parter,
1406 3370 1441 3426 vt
1454 3356 1573 3453 cuique

281 3444 343 3524 sort
368 3452 514 3534 cctn'dit,
539 3450 710 3537 adtribuit,
730 3472 912 3551 coeptaque
936 3474 1014 3524 curn
1040 3450 1093 3526 die
1120 3457 1325 3553 oppugnatio
1351 3450 1419 3535 est,
1445 3472 1476 3527 et
1504 3478 1572 3526 cer·

280 3571 376 3625 tarum
402 3548 472 3624 line
497 3548 681 3623 remiffione
706 3576 806 3652 usque
831 3552 873 3624 ad
897 3550 1071 3627 meridiem
1096 3558 1262 3627 acerrime.
1300 3548 1466 3652 Oppidani
1479 3558 1572 3631 enim

281 3649 320 3725 de
344 3657 447 3725 rnuris
471 3654 710 3751 proeliabantur
732 3650 882 3736 fortiter,
913 3658 1028 3755 etqui
1052 3650 1132 3728 foris
1156 3658 1414 3755 oppugnabant,
1449 3660 1570 3755 imper·

280 3758 399 3826 territae
427 3758 548 3849 uirtutis
574 3752 771 3827 documenta
796 3752 914 3827 dabant
945 3760 1086 3829 eximia:
1120 3760 1294 3855 praecipue
1324 3764 1433 3828 autern
1468 3760 1522 3855 qui
1549 3778 1570 3829 e

280 3859 458 3929 triremibus
482 3858 588 3957 grauis
612 3874 645 3926 et
670 3853 748 3927 leuis
772 3874 952 3929 armaturae
976 3876 1090 3940 eraut,
1121 3858 1311 3955 corporibus
1340 3852 1400 3928 suis
1427 3862 1567 3931 minime

280 3960 460 4057 parcebant.
511 3960 690 4053 imperator
716 3959 836 4029 etenim
862 3960 915 4041 ei,
941 3962 997 4057 qui
1021 3962 1145 4057 primus
1172 3962 1205 4028 in
1219 3982 1317 4031 muro
1343 3957 1498 4031 vexillum
1512 3956 1569 4029 de·

281 4054 414 4141 fixiffet,
442 4060 625 4155 praemium
651 4060 772 4131 virtutis
796 4077 940 4156 quatuor
959 4062 1063 4131 minas
1088 4052 1140 4130 seu
1167 4057 1260 4131 libras·
1284 4062 1377 4139 auri,
1402 4078 1505 4131 ternas
1519 4053 1565 4129 se·

280 4158 412 4241 otrodo,
445 4160 533 4229 binas
566 4160 661 4231 tertio
691 4161 860 4256 praeconis
891 4182 976 4233 voce
1008 4153 1208 4257 promiserat.
1259 4156 1427 4241 Meridie,
1460 4157 1569 4229 multis

280 4282 319 4333 ex
342 4260 639 4359 propugnatoribus
667 4257 862 4342 vulneratis,
894 4258 1017 4359 aliquot
1049 4263 1160 4343 etiam,
1182 4252 1380 4345 interfectis,
1413 4276 1445 4330 et
1475 4256 1570 4331 scaras

281 4364 377 4435 mutis
401 4358 599 4443 affixerunt,
624 4356 806 4459 languidius
832 4363 897 4432 iarn
924 4358 1104 4460 oppidanis,
1125 4353 1360 4447 relillentibus3
1394 4380 1425 4431 et
1451 4379 1567 4463 portae

281 4465 496 4563 arcis‘ignern
522 4452 745 4533 subiecerunt:
770 4488 839 4561 qua.
858 4456 1051 4546 consumta,
1083 4458 1161 4532 inde
1193 4478 1225 4533 et
1249 4484 1308 4559 per
1338 4456 1433 4534 scalas
1464 4456 1569 4534 seiu-

281 4557 456 4646 luderunt,
480 4562 745 4662 obtinebaturque
772 4564 868 4673 vrbs,
892 4582 927 4637 vt
952 4560 1090 4647 dicitur,
1116 4556 1274 4636 firnclitus.
1417 4574 1422 4583 ’
1551 4570 1554 4581 “

377 4731 429 4800 lm
455 4744 585 4815 stator,
612 4752 650 4799 ea
673 4746 790 4826 capta,
813 4749 887 4800 non
911 4724 957 4800 eil
981 4722 1085 4827 paffirs
1110 4724 1228 4801 milites
1250 4722 1379 4797 turbarit
1403 4716 1586 4795 ordinibte.

279 4820 323 4895 'td
344 4850 402 4923 pra
430 4835 500 4898 ‘am
524 4822 722 4911 discrurere,
756 4848 883 4928 praeter
914 4854 996 4912 eos,
1029 4831 1085 4929 qui
1110 4830 1207 4927 prirni
1240 4829 1501 4923 introruperant,
1534 4838 1568 4895 et

284 4928 507 5025 quaesticulum
534 4925 593 5001 libi
617 4925 767 5003 fecerant
817 4933 869 5002 Ex
894 4933 1049 5003 Romanis
1074 4948 1107 5002 et
1133 4928 1345 5026 imperatoriis
1372 4924 1464 4998 nrrrlti
1499 4921 1567 5009 vul·

277 5034 380 5103 aerati
403 5025 500 5121 sunt;
523 5054 626 5105 nenro
652 5052 761 5106 tarnen
786 5030 960 5103 occubuit:
991 5026 1108 5107 mlrtes
1132 5026 1272 5109 Triballi
1302 5024 1343 5102 ad
1368 5052 1470 5103 vnum
1496 5018 1566 5097 srne

732 5150 742 5157 ’
821 5148 973 5249 <bra
1474 5142 1567 5244 rrui·

320 5256 377 5318 res
397 5243 443 5310 rb
465 5242 539 5311 ibid.
559 5264 590 5331 p.
608 5251 677 5328 776.
943 5287 947 5296 .
1278 5292 1281 5297 .
