4642 6992
830 1225 1035 1306 CAPVT
1059 1227 1102 1319 x,
1534 1230 1598 1326 267

982 1388 984 1391 .
1604 1327 1685 1416 Imp.
1705 1341 1812 1396 rem-

855 1457 883 1504 a
909 1435 948 1504 C.
974 1453 1063 1520 1342,
1191 1444 1197 1456 ‘
1607 1431 1655 1480 ΝΕ
1679 1416 1759 1507 ,P‘ib

335 1605 339 1609 -
412 1553 551 1635 Triballi
577 1575 712 1654 magnac
738 1554 927 1650 imperatori
955 1548 996 1622 de
1022 1545 1249 1624 admonitione
1273 1551 1387 1651 gratiae
1401 1575 1506 1654 agerer
1531 1551 1606 1630 Etsi-

295 1657 392 1737 enim
418 1656 461 1730 de
487 1655 598 1730 reditu
620 1658 705 1727 mire
727 1651 941 1734 laetarentur,
969 1671 1080 1724 tamen
1104 1657 1362 1749 imperatorem,
1389 1651 1414 1726 fi
1437 1683 1479 1729 eo
1496 1659 1602 1731 inuito

295 1757 455 1837 recedere
482 1755 693 1840 viderentur,
718 1755 872 1828 nolebant
905 1747 1083 1828 offendere.
1134 1757 1280 1827 Romani
1309 1754 1535 1840 slomachari,
1563 1783 1604 1832 ac

297 1847 436 1943 vutare,
464 1854 497 1932 se
522 1855 564 1930 ad
589 1861 819 1932 Acherontem
829 1860 875 1928 ire
888 1854 1041 1952 compelli
1053 1906 1065 1938 ,
1078 1853 1383 1954 'tumultuantesque
1401 1877 1432 1929 et
1444 1854 1601 1933 seditione
1622 1903 1630 1914 -

292 1888 500 2043 lucutenta,
526 1959 765 2058 Chrillopolim
788 1958 875 2030 abire
899 1956 990 2031 velle.
1042 1957 1279 2055 [Imperator,
1304 1951 1364 2028 suis
1391 1953 1496 2056 ipsum
1510 1953 1598 2060 sequi

292 2059 538 2143 recusantibus,
563 2064 656 2156 ait],
682 2065 739 2158 qui
764 2053 950 2130 discriminis
975 2051 1159 2130 societatem
1187 2055 1431 2142 detredlarent,
1465 2061 1598 2136 abirent.

295 2160 489 2239 Secundum
516 2165 596 2234 baec
621 2161 727 2233 statim
751 2163 787 2231 in
812 2157 890 2231 duas
914 2180 1020 2257 partes
1048 2155 1215 2231 discessum
1242 2157 1287 2230 est
1300 2169 1320 2229 :'
1337 2179 1369 2232 et
1394 2159 1501 2258 plures
1527 2161 1596 2260 qui·
1636 2165 1647 2178 ‘
1702 2187 1711 2204 “

287 2264 376 2339 dem
403 2270 637 2362 imperatorem
662 2260 832 2334 adorantes
866 2255 1091 2349 recesserunt3
1117 2253 1188 2358 plus
1227 2263 1395 2360 quingenti
1426 2257 1595 2340 fortunam

292 2395 377 2440 cum
402 2393 444 2437 eo
470 2369 607 2462 experiri
634 2363 877 2436 constituetur-t
930 2362 1053 2463 Qibus
1078 2358 1119 2433 de
1145 2385 1258 2434 amore
1286 2382 1319 2434 et
1342 2358 1408 2435 fide
1442 2389 1598 2464 germana
1633 2442 1635 2450 Α

286 2495 374 2606 erpa
397 2461 431 2540 se
454 2471 561 2567 gratiis
587 2467 690 2550 auis,
717 2491 794 2539 cunr
816 2461 880 2539 illis
905 2462 1046 2564 reliquiis
1072 2459 1113 2536 ad
1131 2461 1303 2602 ⁴Triballor
1328 2457 1471 2539 reuersus
1487 2463 1595 2540 est.-

889 2615 920 2710 §·
946 2618 1009 2706 1⁶,

399 2739 527 2808 Verum
550 2738 720 2808 enimuero
746 2731 844 2806 duces
872 2721 1096 2835 christopoli,
1123 2733 1297 2836 pollquam
1322 2733 1460 2808 Triballi
1485 2757 1517 2808 et
1533 2737 1594 2811 im-

287 2855 427 2939 perator
454 2837 563 2908 Pheris
587 2858 675 2909 retro
694 2832 881 2922 redierunt,
906 2837 1100 2930 Byzantium
1126 2835 1168 2909 ad
1193 2837 1372 2939 Augullam
1388 2855 1485 2908 etrua
1532 2863 1592 2912 um
1690 2868 1695 2879 ¹
1815 2915 1817 2927 ⁴

290 2937 418 3011 ducem
442 2943 631 3009 nunciatum
656 2942 812 3020 mittunt,
838 2941 1128 3024 Cantauueuum,
1154 2966 1231 3012 cum
1257 2936 1298 3010 ad
1323 2965 1458 3010 murum
1503 2933 1593 3010 isclu·

290 3038 438 3113 dentem
459 3035 613 3120 venisset,
640 3037 714 3137 ipsis
740 3035 867 3111 fortiter
893 3039 1169 3139 propellentibus,
1194 3035 1325 3135 transire
1348 3065 1419 3111 uon
1445 3034 1592 3137 potuisse.

290 3140 539 3215 Reuertentibus
567 3159 675 3213 autem
701 3134 851 3213 insuam
876 3145 1079 3238 prouinciam
1103 3139 1278 3224 Triballis,
1305 3159 1468 3239 quotquot
1492 3141 1597 3213 elmi-¹
1667 3225 1670 3232 q

292 3239 458 3326 litassent,
483 3244 655 3319 Romanor
679 3238 819 3327 ournee,
843 3268 936 3315 entra
961 3239 1100 3325 decem,
1125 3240 1169 3315 ad
1194 3237 1227 3317 se
1251 3235 1455 3316 tranfiffe.··

757 3387 763 3396 '
874 3375 1005 3471 §.166.

403 3502 646 3574 Canncuzenur
671 3505 872 3600 imperator,
899 3519 936 3573 vt
958 3502 1068 3575 Pheris
1090 3497 1262 3577 redeundo
1288 3499 1437 3577 Edess'am
1463 3503 1587 3582 venit,
1624 3519 1694 3602 134·
1719 3585 1725 3606 ι

291 3625 399 3705 qnam
424 3603 533 3678 Crales
558 3599 745 3688 obsederat,
772 3606 930 3701 corruptis
953 3608 1090 3701 pecunia
1116 3608 1237 3678 ciuibus
1263 3603 1305 3676 ad
1331 3633 1408 3678 eum
1439 3597 1588 3677 defecisse

290 3711 431 3780 inuenit.
482 3700 683 3786 Recordatur
705 3705 748 3776 ibi
771 3699 881 3777 sanciti
908 3730 985 3776 cum
1011 3732 1052 3779 eo
1078 3703 1244 3790 foederis,
1269 3712 1303 3780 in
1319 3713 1406 3779 cuius
1430 3703 1590 3779 conditio·

290 3807 394 3883 nibus
416 3825 483 3880 erat
506 3801 685 3904 scriptum,
708 3802 735 3877 fi
761 3812 860 3905 quam
885 3805 999 3878 vrbem
1024 3810 1278 3892 Romanorum,
1313 3829 1345 3881 et
1370 3801 1496 3880 absente
1523 3809 1589 3878 ini·

282 3918 474 4009 peratore,
498 3927 553 3982 aut
577 3913 697 3988 aruris,
721 3926 776 3978 aut
802 3907 865 3980 alio
893 3905 1040 4007 quodam
1065 3907 1196 3992 modo,
1223 3906 1412 4011 subegisset,
1436 3914 1483 3982 vti
1515 3932 1589 3980 earn

291 4007 345 4082 illi
360 4009 566 4091 restitueret,
592 4003 788 4106 oppidulum
813 4009 985 4107 repetebat.
1038 4008 1140 4114 Qud
1167 4035 1243 4084 cum
1271 4012 1379 4084 Crales
1411 4008 1482 4082 siue
1514 4006 1597 4102 dila·-

292 4115 391 4206 tione
413 4109 584 4188 redderet,
608 4109 872 4209 affirmaretque,
896 4109 1119 4209 praestiturum
1133 4107 1186 4198 se,
1212 4109 1371 4212 quidquid
1385 4105 1604 4209 promisisset,·

290 4216 460 4314 armisque
484 4231 516 4285 et
539 4216 677 4310 pecnnia
702 4230 735 4284 et
760 4230 828 4284 tota
853 4206 907 4282 sua
932 4219 1078 4312 potentia
1104 4212 1147 4285 illi
1174 4211 1371 4288 adiutorem
1387 4209 1489 4296 sore,
1524 4235 1590 4282 cer·

291 4338 399 4397 ncne,
427 4312 518 4386 nullo
542 4307 575 4386 se
602 4311 829 4387 emolumento
854 4312 925 4386 illic.
944 4336 1148 4389 moraturum
1172 4320 1186 4411 (
1198 4343 1274 4388 uam
1299 4319 1335 4387 in
1357 4309 1592 4406 rediurDidy·

293 4417 487 4489 motichum'
512 4434 578 4487 tota
603 4435 714 4487 mente
732 4435 769 4502 et
792 4419 989 4515 cogitatione
1013 4413 1238 4511 versabatur),
1261 4411 1442 4517 necposset
1455 4413 1497 4486 de
1515 4409 1587 4505 liris,

293 4539 390 4616 quor.
412 4513 572 4601 ducebat,
607 4517 783 4589 honestum
812 4515 1006 4616 praesidium
1040 4518 1244 4619 relinquere,
1269 4546 1348 4592 cum
1381 4538 1414 4591 et
1447 4539 1588 4589 numero

293 4621 410 4716 exigui
435 4613 557 4700 essem,
574 4636 637 4701 et,
662 4628 699 4692 v‘t
723 4617 845 4691 ibisrne
857 4647 899 4692 eo
911 4627 1100 4703 manerent,
1126 4620 1246 4694 adduci
1258 4623 1450 4720 nequirent:
1477 4643 1589 4718 quam·

292 4745 400 4820 quam
422 4723 552 4818 ingratis
579 4719 781 4813 (necessitate
804 4725 960 4794 nimirum
984 4720 1020 4814 id
1045 4727 1285 4823 extorquente)
1303 4721 1390 4794 Crali
1416 4717 1589 4819 oppidum,
1706 4761 1716 4782 κ

290 4839 334 4895 vt
359 4825 553 4918 proprium,
577 4820 736 4894 tuendrun
763 4818 903 4904 dimisit,
940 4821 1047 4897 donec
1072 4821 1105 4896 se
1128 4830 1196 4897 eius
1226 4821 1402 4924 recipiendi
1434 4841 1593 4922 opportu·
1644 4858 1648 4872 =

290 4924 378 5002 nita!
400 4918 595 4998 ostenderet
646 4927 772 4999 Interea
796 4951 874 4997 cum
904 4922 1024 4999 eodem
1055 4929 1092 5000 in
1124 4925 1289 5005 Triballos
1321 4921 1404 4998 redit
1428 4923 1469 4997 bl.
1498 4927 1588 5018 Apo·

445 5029 456 5059 ⁸
854 5025 919 5104 Ll
968 5051 992 5102 2
1448 5027 1589 5098 cauchue

331 5205 392 5260 134·
411 5186 454 5250 ld·
476 5179 551 5250 lbl‘l·
572 5209 602 5272 P·
623 5141 674 5267 Sis·
799 5220 803 5226 ’
850 5263 854 5268 ,
963 5188 1030 5261 Sub
1054 5191 1135 5261 idem
1166 5133 1286 5270 teinpus
1314 5191 1412 5276 [curn
1434 5189 1523 5267 legati
1546 5187 1585 5247 ab

334 5272 382 5357 d)
401 5273 446 5343 Π·
467 5276 511 5345 T·
523 5280 568 5365 ,lb
587 5297 617 5364 r·
634 5295 697 5359 520·
716 5260 915 5361 nectabere
962 5285 1048 5378 drap
1076 5273 1262 5369 surperetrice
1283 5283 1335 5373 ,ad
1362 5275 1480 5349 erden
1512 5272 1588 5342 tuidi
