<?xml version="1.0" encoding="UTF-8"?>
<!DOCTYPE html PUBLIC "-//W3C//DTD XHTML 1.0 Transitional//EN"
    "http://www.w3.org/TR/xhtml1/DTD/xhtml1-transitional.dtd">
<html xmlns="http://www.w3.org/1999/xhtml" xml:lang="en" lang="en">
 <head>
  <title>
</title>
<meta http-equiv="Content-Type" content="text/html;charset=utf-8" />
  <meta name='ocr-system' content='tesseract 3.04.00' />
  <meta name='ocr-capabilities' content='ocr_page ocr_carea ocr_par ocr_line ocrx_word'/>
</head>
<body>
  <div class='ocr_page' id='page_1' title='image "./memoriaepopulor00strigoog_0335.png"; bbox 0 0 4642 6992; ppageno 0'>
   <div class='ocr_carea' id='block_1_1' title="bbox 807 1194 1621 1303">
    <p class='ocr_par' dir='ltr' id='par_1_1' title="bbox 807 1194 1621 1303">
     <span class='ocr_line' id='line_1_1' title="bbox 807 1194 1621 1303; baseline 0.017 -34"><span class='ocrx_word' id='word_1_1' title='bbox 807 1194 1031 1273; x_wconf 74' lang='lat' dir='ltr'>CAPVT</span> <span class='ocrx_word' id='word_1_2' title='bbox 1057 1200 1139 1274; x_wconf 83' lang='lat' dir='ltr'><strong>xm.</strong></span> <span class='ocrx_word' id='word_1_3' title='bbox 1550 1208 1621 1303; x_wconf 57' lang='grc' dir='ltr'><strong>,ξος</strong></span> 
     </span>
    </p>
   </div>
   <div class='ocr_carea' id='block_1_2' title="bbox 319 1310 1923 1935">
    <p class='ocr_par' dir='ltr' id='par_1_2' title="bbox 319 1310 1923 1935">
     <span class='ocr_line' id='line_1_2' title="bbox 881 1310 1844 1399; baseline 0.011 -33"><span class='ocrx_word' id='word_1_4' title='bbox 881 1376 887 1385; x_wconf 31' lang='grc' dir='ltr'><em>Ι</em></span> <span class='ocrx_word' id='word_1_5' title='bbox 1633 1310 1844 1399; x_wconf 74' lang='lat' dir='ltr'><strong>Imppnonre.</strong></span> 
     </span>
     <span class='ocr_line' id='line_1_3' title="bbox 371 1400 1923 1497; baseline 0.01 -15"><span class='ocrx_word' id='word_1_6' title='bbox 371 1477 382 1482; x_wconf 74' lang='grc'><strong>-</strong></span> <span class='ocrx_word' id='word_1_7' title='bbox 815 1424 842 1470; x_wconf 72' lang='lat' dir='ltr'><strong>a</strong></span> <span class='ocrx_word' id='word_1_8' title='bbox 868 1401 1141 1495; x_wconf 78' lang='lat' dir='ltr'>C·1348-1357·</span> <span class='ocrx_word' id='word_1_9' title='bbox 1629 1412 1680 1459; x_wconf 65' lang='lat' dir='ltr'><strong>NE</strong></span> <span class='ocrx_word' id='word_1_10' title='bbox 1709 1400 1816 1469; x_wconf 24' lang='lat' dir='ltr'><strong>Pal*</strong></span> <span class='ocrx_word' id='word_1_11' title='bbox 1919 1492 1923 1497; x_wconf 82' lang='grc'><strong>,</strong></span> 
     </span>
     <span class='ocr_line' id='line_1_4' title="bbox 321 1498 1821 1639; baseline 0.014 -50"><span class='ocrx_word' id='word_1_12' title='bbox 321 1539 362 1589; x_wconf 81' lang='lat' dir='ltr'><strong>ea</strong></span> <span class='ocrx_word' id='word_1_13' title='bbox 387 1532 522 1601; x_wconf 87' lang='lat' dir='ltr'><strong>mente,</strong></span> <span class='ocrx_word' id='word_1_14' title='bbox 555 1533 592 1592; x_wconf 79' lang='lat' dir='ltr'><strong>vt</strong></span> <span class='ocrx_word' id='word_1_15' title='bbox 616 1534 672 1591; x_wconf 84' lang='lat' dir='ltr'><strong>aut</strong></span> <span class='ocrx_word' id='word_1_16' title='bbox 693 1516 886 1618; x_wconf 88' lang='lat' dir='ltr'><strong>proeliando</strong></span> <span class='ocrx_word' id='word_1_17' title='bbox 921 1522 1141 1615; x_wconf 72' lang='lat' dir='ltr'><strong>occrmbam,</strong></span> <span class='ocrx_word' id='word_1_18' title='bbox 1175 1503 1257 1607; x_wconf 75' lang='lat' dir='ltr'><strong>aut,</strong></span> <span class='ocrx_word' id='word_1_19' title='bbox 1285 1542 1412 1625; x_wconf 88' lang='lat' dir='ltr'><strong>praeter</strong></span> <span class='ocrx_word' id='word_1_20' title='bbox 1436 1525 1625 1607; x_wconf 86' lang='lat' dir='ltr'><strong>libertatem</strong></span> <span class='ocrx_word' id='word_1_21' title='bbox 1634 1498 1775 1639; x_wconf 46' lang='lat' dir='ltr'><strong>affl</strong></span> <span class='ocrx_word' id='word_1_22' title='bbox 1819 1565 1821 1570; x_wconf 94' lang='lat'>·</span> 
     </span>
     <span class='ocr_line' id='line_1_5' title="bbox 320 1618 1762 1728; baseline 0.012 -36"><span class='ocrx_word' id='word_1_23' title='bbox 320 1645 397 1692; x_wconf 83' lang='lat' dir='ltr'><strong>mea</strong></span> <span class='ocrx_word' id='word_1_24' title='bbox 423 1644 524 1718; x_wconf 80' lang='lat' dir='ltr'><strong>opera</strong></span> <span class='ocrx_word' id='word_1_25' title='bbox 547 1622 707 1693; x_wconf 84' lang='lat' dir='ltr'><strong>Romanis</strong></span> <span class='ocrx_word' id='word_1_26' title='bbox 729 1620 929 1706; x_wconf 82' lang='lat' dir='ltr'><strong>rellinrtam,</strong></span> <span class='ocrx_word' id='word_1_27' title='bbox 959 1644 1058 1725; x_wconf 87' lang='lat' dir='ltr'><strong>teque</strong></span> <span class='ocrx_word' id='word_1_28' title='bbox 1089 1623 1319 1728; x_wconf 82' lang='lat' dir='ltr'><strong>populrmque</strong></span> <span class='ocrx_word' id='word_1_29' title='bbox 1347 1646 1440 1703; x_wconf 90' lang='lat' dir='ltr'><strong>tuum</strong></span> <span class='ocrx_word' id='word_1_30' title='bbox 1477 1628 1626 1709; x_wconf 77' lang='lat' dir='ltr'><strong>caedibus</strong></span> <span class='ocrx_word' id='word_1_31' title='bbox 1753 1618 1762 1639; x_wconf 66' lang='lat'>⁸</span> 
     </span>
     <span class='ocr_line' id='line_1_6' title="bbox 319 1716 1628 1837; baseline 0.015 -46"><span class='ocrx_word' id='word_1_32' title='bbox 319 1746 360 1791; x_wconf 86' lang='lat' dir='ltr'><strong>ac</strong></span> <span class='ocrx_word' id='word_1_33' title='bbox 385 1716 529 1795; x_wconf 85' lang='lat' dir='ltr'><strong>seruituti</strong></span> <span class='ocrx_word' id='word_1_34' title='bbox 554 1716 726 1800; x_wconf 81' lang='lat' dir='ltr'><strong>subiiciam.</strong></span> <span class='ocrx_word' id='word_1_35' title='bbox 777 1728 924 1797; x_wconf 88' lang='lat' dir='ltr'><strong>Etcum</strong></span> <span class='ocrx_word' id='word_1_36' title='bbox 959 1744 995 1799; x_wconf 88' lang='lat' dir='ltr'><strong>tu</strong></span> <span class='ocrx_word' id='word_1_37' title='bbox 1043 1753 1153 1827; x_wconf 87' lang='lat' dir='ltr'><strong>uoque</strong></span> <span class='ocrx_word' id='word_1_38' title='bbox 1185 1722 1284 1814; x_wconf 86' lang='lat' dir='ltr'><strong>scias,</strong></span> <span class='ocrx_word' id='word_1_39' title='bbox 1316 1756 1373 1805; x_wconf 87' lang='lat' dir='ltr'><strong>me</strong></span> <span class='ocrx_word' id='word_1_40' title='bbox 1402 1758 1477 1805; x_wconf 87' lang='lat' dir='ltr'><strong>vera</strong></span> <span class='ocrx_word' id='word_1_41' title='bbox 1508 1734 1628 1837; x_wconf 78' lang='lat' dir='ltr'><strong>loqui,</strong></span> 
     </span>
     <span class='ocr_line' id='line_1_7' title="bbox 320 1751 1559 1935; baseline 0.015 -41"><span class='ocrx_word' id='word_1_42' title='bbox 320 1818 365 1894; x_wconf 76' lang='lat' dir='ltr'><strong>ad</strong></span> <span class='ocrx_word' id='word_1_43' title='bbox 393 1820 604 1897; x_wconf 82' lang='lat' dir='ltr'><strong>relillendum</strong></span> <span class='ocrx_word' id='word_1_44' title='bbox 631 1846 662 1898; x_wconf 90' lang='lat' dir='ltr'><strong>et</strong></span> <span class='ocrx_word' id='word_1_45' title='bbox 688 1822 922 1899; x_wconf 87' lang='lat' dir='ltr'><strong>decertandum</strong></span> <span class='ocrx_word' id='word_1_46' title='bbox 950 1823 992 1899; x_wconf 91' lang='lat' dir='ltr'><strong>de</strong></span> <span class='ocrx_word' id='word_1_47' title='bbox 1016 1751 1144 1902; x_wconf 84' lang='lat' dir='ltr'><strong>llrmma</strong></span> <span class='ocrx_word' id='word_1_48' title='bbox 1169 1856 1280 1907; x_wconf 88' lang='lat' dir='ltr'><strong>rerum</strong></span> <span class='ocrx_word' id='word_1_49' title='bbox 1308 1851 1340 1905; x_wconf 89' lang='lat' dir='ltr'><strong>te</strong></span> <span class='ocrx_word' id='word_1_50' title='bbox 1362 1858 1559 1935; x_wconf 69' lang='lat' dir='ltr'><strong>compara„</strong></span> 
     </span>
    </p>
   </div>
   <div class='ocr_carea' id='block_1_3' title="bbox 203 2118 1751 2933">
    <p class='ocr_par' dir='ltr' id='par_1_3' title="bbox 203 2118 1751 2933">
     <span class='ocr_line' id='line_1_8' title="bbox 424 2118 1621 2223; baseline 0.009 -30"><span class='ocrx_word' id='word_1_51' title='bbox 424 2120 534 2198; x_wconf 82' lang='lat' dir='ltr'><strong>Crales</strong></span> <span class='ocrx_word' id='word_1_52' title='bbox 558 2118 671 2195; x_wconf 76' lang='lat' dir='ltr'><strong>auditis</strong></span> <span class='ocrx_word' id='word_1_53' title='bbox 695 2141 761 2196; x_wconf 85' lang='lat' dir='ltr'><strong>tam</strong></span> <span class='ocrx_word' id='word_1_54' title='bbox 787 2124 927 2223; x_wconf 82' lang='lat' dir='ltr'><strong>grauiter</strong></span> <span class='ocrx_word' id='word_1_55' title='bbox 951 2128 996 2194; x_wconf 77' lang='lat' dir='ltr'><strong>ac.</strong></span> <span class='ocrx_word' id='word_1_56' title='bbox 1011 2120 1095 2196; x_wconf 88' lang='lat' dir='ltr'><strong>serio</strong></span> <span class='ocrx_word' id='word_1_57' title='bbox 1121 2119 1163 2197; x_wconf 92' lang='lat' dir='ltr'><strong>de</strong></span> <span class='ocrx_word' id='word_1_58' title='bbox 1187 2122 1273 2199; x_wconf 89' lang='lat' dir='ltr'><strong>bello</strong></span> <span class='ocrx_word' id='word_1_59' title='bbox 1302 2122 1414 2211; x_wconf 76' lang='lat' dir='ltr'><strong>didlir,</strong></span> <span class='ocrx_word' id='word_1_60' title='bbox 1452 2154 1530 2203; x_wconf 89' lang='lat' dir='ltr'><strong>cum</strong></span> <span class='ocrx_word' id='word_1_61' title='bbox 1561 2152 1621 2206; x_wconf 86' lang='lat' dir='ltr'><strong>vo·</strong></span> 
     </span>
     <span class='ocr_line' id='line_1_9' title="bbox 203 2218 1622 2322; baseline 0.009 -30"><span class='ocrx_word' id='word_1_62' title='bbox 203 2220 208 2229; x_wconf 81' lang='grc'><strong>’</strong></span> <span class='ocrx_word' id='word_1_63' title='bbox 317 2218 481 2295; x_wconf 85' lang='lat' dir='ltr'><strong>luntatem</strong></span> <span class='ocrx_word' id='word_1_64' title='bbox 508 2230 710 2322; x_wconf 86' lang='lat' dir='ltr'><strong>imperatoris</strong></span> <span class='ocrx_word' id='word_1_65' title='bbox 736 2226 972 2298; x_wconf 77' lang='lat' dir='ltr'><strong>immutabilem</strong></span> <span class='ocrx_word' id='word_1_66' title='bbox 997 2222 1143 2310; x_wconf 87' lang='lat' dir='ltr'><strong>videret,</strong></span> <span class='ocrx_word' id='word_1_67' title='bbox 1176 2223 1360 2301; x_wconf 82' lang='lat' dir='ltr'><strong>admodum</strong></span> <span class='ocrx_word' id='word_1_68' title='bbox 1386 2227 1622 2315; x_wconf 74' lang='lat' dir='ltr'><strong>extimescens,</strong></span> 
     </span>
     <span class='ocr_line' id='line_1_10' title="bbox 313 2323 1751 2429; baseline 0.007 -35"><span class='ocrx_word' id='word_1_69' title='bbox 313 2325 510 2423; x_wconf 86' lang='lat' dir='ltr'><strong>precabatur</strong></span> <span class='ocrx_word' id='word_1_70' title='bbox 520 2348 542 2409; x_wconf 88' lang='lat'><strong>,·</strong></span> <span class='ocrx_word' id='word_1_71' title='bbox 564 2323 679 2398; x_wconf 83' lang='lat' dir='ltr'><strong>nelle</strong></span> <span class='ocrx_word' id='word_1_72' title='bbox 701 2330 796 2399; x_wconf 82' lang='lat' dir='ltr'><strong>iratus</strong></span> <span class='ocrx_word' id='word_1_73' title='bbox 819 2324 861 2397; x_wconf 90' lang='lat' dir='ltr'><strong>ad</strong></span> <span class='ocrx_word' id='word_1_74' title='bbox 887 2353 977 2399; x_wconf 81' lang='lat' dir='ltr'><strong>arma</strong></span> <span class='ocrx_word' id='word_1_75' title='bbox 1001 2323 1164 2399; x_wconf 87' lang='lat' dir='ltr'><strong>ferueret:</strong></span> <span class='ocrx_word' id='word_1_76' title='bbox 1198 2332 1278 2429; x_wconf 91' lang='lat' dir='ltr'><strong>quin</strong></span> <span class='ocrx_word' id='word_1_77' title='bbox 1309 2333 1418 2429; x_wconf 78' lang='lat' dir='ltr'><strong>potius</strong></span> <span class='ocrx_word' id='word_1_78' title='bbox 1446 2338 1535 2409; x_wconf 81' lang='lat' dir='ltr'><strong>viam</strong></span> <span class='ocrx_word' id='word_1_79' title='bbox 1566 2332 1622 2405; x_wconf 85' lang='lat' dir='ltr'><strong>ali·</strong></span> <span class='ocrx_word' id='word_1_80' title='bbox 1745 2380 1751 2388; x_wconf 93' lang='lat'><em>·</em></span> 
     </span>
     <span class='ocr_line' id='line_1_11' title="bbox 315 2424 1734 2545; baseline 0.008 -48"><span class='ocrx_word' id='word_1_81' title='bbox 315 2446 420 2524; x_wconf 88' lang='lat' dir='ltr'><strong>quam</strong></span> <span class='ocrx_word' id='word_1_82' title='bbox 450 2430 486 2497; x_wconf 91' lang='lat' dir='ltr'><strong>in</strong></span> <span class='ocrx_word' id='word_1_83' title='bbox 513 2424 677 2499; x_wconf 79' lang='lat' dir='ltr'><strong>hiemalis</strong></span> <span class='ocrx_word' id='word_1_84' title='bbox 706 2432 888 2513; x_wconf 83' lang='lat' dir='ltr'><strong>inueniret,</strong></span> <span class='ocrx_word' id='word_1_85' title='bbox 920 2454 984 2528; x_wconf 89' lang='lat' dir='ltr'><strong>qua</strong></span> <span class='ocrx_word' id='word_1_86' title='bbox 1015 2447 1046 2501; x_wconf 89' lang='lat' dir='ltr'><strong>et</strong></span> <span class='ocrx_word' id='word_1_87' title='bbox 1070 2427 1156 2501; x_wconf 89' lang='lat' dir='ltr'><strong>bello</strong></span> <span class='ocrx_word' id='word_1_88' title='bbox 1185 2424 1464 2529; x_wconf 87' lang='lat' dir='ltr'><strong>supersederetnr,</strong></span> <span class='ocrx_word' id='word_1_89' title='bbox 1498 2428 1623 2509; x_wconf 81' lang='lat' dir='ltr'><strong>erile</strong></span> <span class='ocrx_word' id='word_1_90' title='bbox 1660 2468 1734 2545; x_wconf 56' lang='grc' dir='ltr'><strong>Μ’</strong></span> 
     </span>
     <span class='ocr_line' id='line_1_12' title="bbox 313 2526 1620 2631; baseline 0.008 -33"><span class='ocrx_word' id='word_1_91' title='bbox 313 2552 384 2625; x_wconf 87' lang='lat' dir='ltr'><strong>pro</strong></span> <span class='ocrx_word' id='word_1_92' title='bbox 408 2526 569 2599; x_wconf 85' lang='lat' dir='ltr'><strong>laboribus</strong></span> <span class='ocrx_word' id='word_1_93' title='bbox 592 2549 689 2627; x_wconf 90' lang='lat' dir='ltr'><strong>atque</strong></span> <span class='ocrx_word' id='word_1_94' title='bbox 721 2529 891 2627; x_wconf 84' lang='lat' dir='ltr'><strong>periculis,</strong></span> <span class='ocrx_word' id='word_1_95' title='bbox 925 2554 1007 2629; x_wconf 89' lang='lat' dir='ltr'><strong>quae</strong></span> <span class='ocrx_word' id='word_1_96' title='bbox 1041 2530 1170 2603; x_wconf 79' lang='lat' dir='ltr'><strong>urbibus</strong></span> <span class='ocrx_word' id='word_1_97' title='bbox 1204 2528 1405 2631; x_wconf 88' lang='lat' dir='ltr'><strong>acquirendis</strong></span> <span class='ocrx_word' id='word_1_98' title='bbox 1437 2533 1538 2610; x_wconf 90' lang='lat' dir='ltr'><strong>tolera</strong></span> <span class='ocrx_word' id='word_1_99' title='bbox 1565 2552 1620 2621; x_wconf 86' lang='lat' dir='ltr'><strong>ct,</strong></span> 
     </span>
     <span class='ocr_line' id='line_1_13' title="bbox 313 2630 1620 2738; baseline 0.009 -39"><span class='ocrx_word' id='word_1_100' title='bbox 313 2654 391 2700; x_wconf 91' lang='lat' dir='ltr'><strong>non</strong></span> <span class='ocrx_word' id='word_1_101' title='bbox 417 2634 558 2703; x_wconf 90' lang='lat' dir='ltr'><strong>omnino</strong></span> <span class='ocrx_word' id='word_1_102' title='bbox 582 2630 662 2702; x_wconf 91' lang='lat' dir='ltr'><strong>nihil</strong></span> <span class='ocrx_word' id='word_1_103' title='bbox 686 2635 866 2730; x_wconf 89' lang='lat' dir='ltr'><strong>reciperet:</strong></span> <span class='ocrx_word' id='word_1_104' title='bbox 896 2656 1033 2729; x_wconf 87' lang='lat' dir='ltr'><strong>remque</strong></span> <span class='ocrx_word' id='word_1_105' title='bbox 1062 2650 1166 2703; x_wconf 89' lang='lat' dir='ltr'><strong>totam</strong></span> <span class='ocrx_word' id='word_1_106' title='bbox 1198 2638 1265 2707; x_wconf 89' lang='lat' dir='ltr'><strong>eius</strong></span> <span class='ocrx_word' id='word_1_107' title='bbox 1298 2634 1428 2707; x_wconf 87' lang='lat' dir='ltr'><strong>arbitrio</strong></span> <span class='ocrx_word' id='word_1_108' title='bbox 1454 2641 1620 2738; x_wconf 82' lang='lat' dir='ltr'><strong>permitte·</strong></span> 
     </span>
     <span class='ocr_line' id='line_1_14' title="bbox 313 2726 1621 2839; baseline 0.009 -38"><span class='ocrx_word' id='word_1_109' title='bbox 313 2729 515 2831; x_wconf 65' lang='lat' dir='ltr'><strong>bat,‘aequi</strong></span> <span class='ocrx_word' id='word_1_110' title='bbox 540 2726 739 2830; x_wconf 83' lang='lat' dir='ltr'><strong>bonique&#39;se</strong></span> <span class='ocrx_word' id='word_1_111' title='bbox 764 2728 928 2806; x_wconf 73' lang='lat' dir='ltr'><strong>fadiunrm</strong></span> <span class='ocrx_word' id='word_1_112' title='bbox 954 2736 1171 2830; x_wconf 75' lang='lat' dir='ltr'><strong>promittam,</strong></span> <span class='ocrx_word' id='word_1_113' title='bbox 1203 2729 1362 2837; x_wconf 87' lang='lat' dir='ltr'><strong>quidquid</strong></span> <span class='ocrx_word' id='word_1_114' title='bbox 1386 2730 1463 2837; x_wconf 86' lang='lat' dir='ltr'><strong>ipse·</strong></span> <span class='ocrx_word' id='word_1_115' title='bbox 1477 2742 1621 2839; x_wconf 74' lang='lat' dir='ltr'><strong>utrisque</strong></span> 
     </span>
     <span class='ocr_line' id='line_1_15' title="bbox 311 2827 1165 2933; baseline 0.001 -27"><span class='ocrx_word' id='word_1_116' title='bbox 311 2829 433 2908; x_wconf 78' lang='lat' dir='ltr'><strong>melius</strong></span> <span class='ocrx_word' id='word_1_117' title='bbox 459 2830 732 2933; x_wconf 85' lang='lat' dir='ltr'><strong>commodiusque</strong></span> <span class='ocrx_word' id='word_1_118' title='bbox 756 2829 904 2907; x_wconf 86' lang='lat' dir='ltr'><strong>futurum</strong></span> <span class='ocrx_word' id='word_1_119' title='bbox 929 2827 1101 2907; x_wconf 82' lang='lat' dir='ltr'><strong>iudicaffet.</strong></span> <span class='ocrx_word' id='word_1_120' title='bbox 1160 2884 1165 2893; x_wconf 87' lang='lat'><em>·</em></span> 
     </span>
    </p>
   </div>
   <div class='ocr_carea' id='block_1_4' title="bbox 275 2978 1836 5215">
    <p class='ocr_par' dir='ltr' id='par_1_4' title="bbox 912 2978 1120 3079">
     <span class='ocr_line' id='line_1_16' title="bbox 912 2978 1120 3079; baseline -0.019 -26"><span class='ocrx_word' id='word_1_121' title='bbox 912 2978 944 3079; x_wconf 57' lang='grc' dir='ltr'><strong>ᾗ,</strong></span> <span class='ocrx_word' id='word_1_122' title='bbox 970 2998 1046 3069; x_wconf 76' lang='lat'><strong>240.</strong></span> <span class='ocrx_word' id='word_1_123' title='bbox 1115 2997 1120 3004; x_wconf 85' lang='lat'>&#39;</span> 
     </span>
    </p>

    <p class='ocr_par' dir='ltr' id='par_1_5' title="bbox 275 3100 1836 5215">
     <span class='ocr_line' id='line_1_17' title="bbox 427 3100 1626 3207; baseline 0.003 -29"><span class='ocrx_word' id='word_1_124' title='bbox 427 3108 632 3203; x_wconf 77' lang='lat' dir='ltr'><strong>Imperator,</strong></span> <span class='ocrx_word' id='word_1_125' title='bbox 669 3104 848 3207; x_wconf 83' lang='lat' dir='ltr'><strong>intelligens</strong></span> <span class='ocrx_word' id='word_1_126' title='bbox 882 3126 914 3179; x_wconf 87' lang='lat' dir='ltr'><strong>et</strong></span> <span class='ocrx_word' id='word_1_127' title='bbox 940 3107 1053 3178; x_wconf 84' lang='lat' dir='ltr'><strong>omnia</strong></span> <span class='ocrx_word' id='word_1_128' title='bbox 1079 3106 1157 3177; x_wconf 83' lang='lat' dir='ltr'><strong>citra</strong></span> <span class='ocrx_word' id='word_1_129' title='bbox 1189 3102 1373 3181; x_wconf 83' lang='lat' dir='ltr'><strong>molestiam</strong></span> <span class='ocrx_word' id='word_1_130' title='bbox 1405 3100 1626 3207; x_wconf 71' lang='lat' dir='ltr'><strong>laboremque</strong></span> 
     </span>
     <span class='ocr_line' id='line_1_18' title="bbox 312 3201 1617 3308; baseline 0.002 -29"><span class='ocrx_word' id='word_1_131' title='bbox 312 3204 434 3302; x_wconf 67' lang='lat' dir='ltr'><strong>haben</strong></span> <span class='ocrx_word' id='word_1_132' title='bbox 453 3231 523 3278; x_wconf 91' lang='lat' dir='ltr'><strong>non</strong></span> <span class='ocrx_word' id='word_1_133' title='bbox 548 3201 661 3305; x_wconf 83' lang='lat' dir='ltr'><strong>polse3</strong></span> <span class='ocrx_word' id='word_1_134' title='bbox 687 3228 741 3292; x_wconf 89' lang='lat' dir='ltr'><strong>et,</strong></span> <span class='ocrx_word' id='word_1_135' title='bbox 767 3213 876 3307; x_wconf 85' lang='lat' dir='ltr'><strong>paucie</strong></span> <span class='ocrx_word' id='word_1_136' title='bbox 902 3205 1093 3307; x_wconf 85' lang='lat' dir='ltr'><strong>quibusdam</strong></span> <span class='ocrx_word' id='word_1_137' title='bbox 1119 3213 1305 3307; x_wconf 84' lang='lat' dir='ltr'><strong>priuatum,</strong></span> <span class='ocrx_word' id='word_1_138' title='bbox 1332 3212 1405 3307; x_wconf 89' lang='lat' dir='ltr'><strong>paci</strong></span> <span class='ocrx_word' id='word_1_139' title='bbox 1419 3232 1617 3308; x_wconf 75' lang='lat' dir='ltr'><strong>repugnare,</strong></span> 
     </span>
     <span class='ocr_line' id='line_1_19' title="bbox 314 3303 1701 3395; baseline 0.002 -15"><span class='ocrx_word' id='word_1_140' title='bbox 314 3334 353 3380; x_wconf 86' lang='lat' dir='ltr'><strong>ac</strong></span> <span class='ocrx_word' id='word_1_141' title='bbox 378 3303 424 3379; x_wconf 92' lang='lat' dir='ltr'><strong>de</strong></span> <span class='ocrx_word' id='word_1_142' title='bbox 446 3303 573 3381; x_wconf 88' lang='lat' dir='ltr'><strong>summa</strong></span> <span class='ocrx_word' id='word_1_143' title='bbox 596 3314 700 3381; x_wconf 87' lang='lat' dir='ltr'><strong>iacere</strong></span> <span class='ocrx_word' id='word_1_144' title='bbox 722 3306 826 3382; x_wconf 87' lang='lat' dir='ltr'><strong>aleam</strong></span> <span class='ocrx_word' id='word_1_145' title='bbox 850 3308 956 3392; x_wconf 87' lang='lat' dir='ltr'><strong>velle,</strong></span> <span class='ocrx_word' id='word_1_146' title='bbox 983 3305 1141 3381; x_wconf 86' lang='lat' dir='ltr'><strong>dementis</strong></span> <span class='ocrx_word' id='word_1_147' title='bbox 1168 3308 1254 3395; x_wconf 80' lang='lat' dir='ltr'><strong>effe,</strong></span> <span class='ocrx_word' id='word_1_148' title='bbox 1281 3336 1358 3384; x_wconf 91' lang='lat' dir='ltr'><strong>cum</strong></span> <span class='ocrx_word' id='word_1_149' title='bbox 1383 3304 1491 3381; x_wconf 86' lang='lat' dir='ltr'><strong>futura</strong></span> <span class='ocrx_word' id='word_1_150' title='bbox 1515 3313 1617 3383; x_wconf 90' lang='lat' dir='ltr'><strong>incer·</strong></span> <span class='ocrx_word' id='word_1_151' title='bbox 1655 3350 1657 3353; x_wconf 95' lang='lat'>·</span> <span class='ocrx_word' id='word_1_152' title='bbox 1690 3313 1701 3325; x_wconf 44' lang='lat'>³</span> 
     </span>
     <span class='ocr_line' id='line_1_20' title="bbox 312 3400 1617 3511; baseline 0.001 -28"><span class='ocrx_word' id='word_1_153' title='bbox 312 3404 432 3483; x_wconf 78' lang='lat' dir='ltr'><strong>t&#39;rffima</strong></span> <span class='ocrx_word' id='word_1_154' title='bbox 457 3404 542 3495; x_wconf 84' lang='lat' dir='ltr'><strong>smt,</strong></span> <span class='ocrx_word' id='word_1_155' title='bbox 569 3428 600 3482; x_wconf 89' lang='lat' dir='ltr'><strong>ct</strong></span> <span class='ocrx_word' id='word_1_156' title='bbox 623 3400 741 3511; x_wconf 81' lang='lat' dir='ltr'><strong>ancepis</strong></span> <span class='ocrx_word' id='word_1_157' title='bbox 766 3438 804 3483; x_wconf 87' lang='lat' dir='ltr'><strong>ac</strong></span> <span class='ocrx_word' id='word_1_158' title='bbox 830 3406 926 3483; x_wconf 87' lang='lat' dir='ltr'><strong>dubia</strong></span> <span class='ocrx_word' id='word_1_159' title='bbox 949 3405 1081 3483; x_wconf 89' lang='lat' dir='ltr'><strong>fortuna</strong></span> <span class='ocrx_word' id='word_1_160' title='bbox 1106 3409 1202 3483; x_wconf 86' lang='lat' dir='ltr'><strong>belli:</strong></span> <span class='ocrx_word' id='word_1_161' title='bbox 1237 3410 1277 3484; x_wconf 86' lang='lat' dir='ltr'><strong>ad</strong></span> <span class='ocrx_word' id='word_1_162' title='bbox 1302 3414 1385 3487; x_wconf 89' lang='lat' dir='ltr'><strong>haec</strong></span> <span class='ocrx_word' id='word_1_163' title='bbox 1408 3411 1557 3483; x_wconf 78' lang='lat' dir='ltr'><strong>barbaros</strong></span> <span class='ocrx_word' id='word_1_164' title='bbox 1582 3404 1617 3485; x_wconf 85' lang='lat' dir='ltr'><strong>se</strong></span> 
     </span>
     <span class='ocr_line' id='line_1_21' title="bbox 311 3506 1617 3612; baseline 0 -29"><span class='ocrx_word' id='word_1_165' title='bbox 311 3506 582 3588; x_wconf 80' lang='lat' dir='ltr'><strong>introduc‘lurum</strong></span> <span class='ocrx_word' id='word_1_166' title='bbox 605 3516 773 3612; x_wconf 81' lang='lat' dir='ltr'><strong>cogitans,</strong></span> <span class='ocrx_word' id='word_1_167' title='bbox 807 3518 863 3612; x_wconf 91' lang='lat' dir='ltr'><strong>qui</strong></span> <span class='ocrx_word' id='word_1_168' title='bbox 892 3532 926 3585; x_wconf 89' lang='lat' dir='ltr'><strong>et</strong></span> <span class='ocrx_word' id='word_1_169' title='bbox 946 3514 1131 3594; x_wconf 86' lang='lat' dir='ltr'><strong>Romanis,</strong></span> <span class='ocrx_word' id='word_1_170' title='bbox 1168 3534 1312 3611; x_wconf 89' lang='lat' dir='ltr'><strong>quorum</strong></span> <span class='ocrx_word' id='word_1_171' title='bbox 1337 3506 1491 3587; x_wconf 73' lang='lat' dir='ltr'><strong>videntur</strong></span> <span class='ocrx_word' id='word_1_172' title='bbox 1514 3508 1617 3596; x_wconf 88' lang='lat' dir='ltr'><strong>socii,</strong></span> 
     </span>
     <span class='ocr_line' id='line_1_22' title="bbox 309 3605 1618 3712; baseline 0 -27"><span class='ocrx_word' id='word_1_173' title='bbox 309 3612 497 3712; x_wconf 86' lang='lat' dir='ltr'><strong>plurimum</strong></span> <span class='ocrx_word' id='word_1_174' title='bbox 522 3634 685 3698; x_wconf 81' lang='lat' dir='ltr'><strong>noceant,</strong></span> <span class='ocrx_word' id='word_1_175' title='bbox 710 3634 742 3687; x_wconf 90' lang='lat' dir='ltr'><strong>et</strong></span> <span class='ocrx_word' id='word_1_176' title='bbox 768 3613 991 3687; x_wconf 87' lang='lat' dir='ltr'><strong>Triballorum</strong></span> <span class='ocrx_word' id='word_1_177' title='bbox 1015 3609 1161 3686; x_wconf 87' lang='lat' dir='ltr'><strong>futuram</strong></span> <span class='ocrx_word' id='word_1_178' title='bbox 1186 3612 1334 3697; x_wconf 81' lang='lat' dir='ltr'><strong>cladem,</strong></span> <span class='ocrx_word' id='word_1_179' title='bbox 1362 3605 1494 3699; x_wconf 80' lang='lat' dir='ltr'><strong>caedes,</strong></span> <span class='ocrx_word' id='word_1_180' title='bbox 1521 3608 1618 3685; x_wconf 84' lang='lat' dir='ltr'><strong>senri-</strong></span> 
     </span>
     <span class='ocr_line' id='line_1_23' title="bbox 312 3709 1618 3815; baseline 0.001 -29"><span class='ocrx_word' id='word_1_181' title='bbox 312 3734 398 3786; x_wconf 85' lang='lat' dir='ltr'><strong>tutes</strong></span> <span class='ocrx_word' id='word_1_182' title='bbox 424 3709 491 3798; x_wconf 92' lang='lat' dir='ltr'><strong>(de</strong></span> <span class='ocrx_word' id='word_1_183' title='bbox 516 3716 629 3814; x_wconf 84' lang='lat' dir='ltr'><strong>quibus</strong></span> <span class='ocrx_word' id='word_1_184' title='bbox 653 3740 840 3815; x_wconf 87' lang='lat' dir='ltr'><strong>quanquam</strong></span> <span class='ocrx_word' id='word_1_185' title='bbox 865 3714 1007 3788; x_wconf 85' lang='lat' dir='ltr'><strong>hostibus</strong></span> <span class='ocrx_word' id='word_1_186' title='bbox 1030 3714 1304 3789; x_wconf 72' lang='lat' dir='ltr'><strong>nihilominunvt</strong></span> <span class='ocrx_word' id='word_1_187' title='bbox 1328 3717 1392 3787; x_wconf 86' lang='lat' dir='ltr'><strong>Dei</strong></span> <span class='ocrx_word' id='word_1_188' title='bbox 1416 3713 1522 3787; x_wconf 89' lang='lat' dir='ltr'><strong>cultor</strong></span> <span class='ocrx_word' id='word_1_189' title='bbox 1549 3732 1618 3787; x_wconf 90' lang='lat' dir='ltr'><strong>erat</strong></span> 
     </span>
     <span class='ocr_line' id='line_1_24' title="bbox 311 3811 1618 3917; baseline 0 -30"><span class='ocrx_word' id='word_1_190' title='bbox 311 3811 513 3906; x_wconf 80' lang='lat' dir='ltr'><strong>sollicitus),</strong></span> <span class='ocrx_word' id='word_1_191' title='bbox 541 3816 672 3890; x_wconf 90' lang='lat' dir='ltr'><strong>Cralem</strong></span> <span class='ocrx_word' id='word_1_192' title='bbox 697 3816 898 3917; x_wconf 76' lang='lat' dir='ltr'><strong>compellans</strong></span> <span class='ocrx_word' id='word_1_193' title='bbox 925 3822 990 3899; x_wconf 91' lang='lat' dir='ltr'><strong>ait,</strong></span> <span class='ocrx_word' id='word_1_194' title='bbox 1018 3821 1184 3891; x_wconf 85' lang='lat' dir='ltr'><strong>veritatem</strong></span> <span class='ocrx_word' id='word_1_195' title='bbox 1212 3839 1244 3890; x_wconf 91' lang='lat' dir='ltr'><strong>et</strong></span> <span class='ocrx_word' id='word_1_196' title='bbox 1269 3814 1441 3898; x_wconf 82' lang='lat' dir='ltr'><strong>iustitiam,</strong></span> <span class='ocrx_word' id='word_1_197' title='bbox 1467 3836 1500 3890; x_wconf 93' lang='lat' dir='ltr'><strong>et</strong></span> <span class='ocrx_word' id='word_1_198' title='bbox 1525 3811 1618 3914; x_wconf 92' lang='lat' dir='ltr'><strong>quod</strong></span> 
     </span>
     <span class='ocr_line' id='line_1_25' title="bbox 313 3912 1617 4016; baseline 0 -29"><span class='ocrx_word' id='word_1_199' title='bbox 313 3916 450 4015; x_wconf 87' lang='lat' dir='ltr'><strong>quilibet</strong></span> <span class='ocrx_word' id='word_1_200' title='bbox 473 3919 577 3989; x_wconf 91' lang='lat' dir='ltr'><strong>bonus</strong></span> <span class='ocrx_word' id='word_1_201' title='bbox 601 3918 782 3991; x_wconf 80' lang='lat' dir='ltr'><strong>aestimator</strong></span> <span class='ocrx_word' id='word_1_202' title='bbox 816 3914 873 3991; x_wconf 87' lang='lat' dir='ltr'><strong>suo</strong></span> <span class='ocrx_word' id='word_1_203' title='bbox 901 3917 1025 3994; x_wconf 88' lang='lat' dir='ltr'><strong>calculo</strong></span> <span class='ocrx_word' id='word_1_204' title='bbox 1057 3918 1266 4016; x_wconf 80' lang='lat' dir='ltr'><strong>approbarit,</strong></span> <span class='ocrx_word' id='word_1_205' title='bbox 1298 3915 1380 3990; x_wconf 86' lang='lat' dir='ltr'><strong>nihil</strong></span> <span class='ocrx_word' id='word_1_206' title='bbox 1412 3912 1475 3989; x_wconf 81' lang='lat' dir='ltr'><strong>elle</strong></span> <span class='ocrx_word' id='word_1_207' title='bbox 1507 3912 1617 4000; x_wconf 84' lang='lat' dir='ltr'><strong>aliud,</strong></span> 
     </span>
     <span class='ocr_line' id='line_1_26' title="bbox 314 4014 1619 4119; baseline 0.001 -31"><span class='ocrx_word' id='word_1_208' title='bbox 314 4043 418 4119; x_wconf 87' lang='lat' dir='ltr'><strong>quam</strong></span> <span class='ocrx_word' id='word_1_209' title='bbox 444 4021 605 4090; x_wconf 80' lang='lat' dir='ltr'><strong>Romanis</strong></span> <span class='ocrx_word' id='word_1_210' title='bbox 628 4020 754 4093; x_wconf 80' lang='lat' dir='ltr'><strong>urbibus</strong></span> <span class='ocrx_word' id='word_1_211' title='bbox 778 4025 961 4102; x_wconf 86' lang='lat' dir='ltr'><strong>iuramento</strong></span> <span class='ocrx_word' id='word_1_212' title='bbox 989 4018 1232 4117; x_wconf 88' lang='lat' dir='ltr'><strong>comprehenlis</strong></span> <span class='ocrx_word' id='word_1_213' title='bbox 1264 4016 1297 4093; x_wconf 89' lang='lat' dir='ltr'><strong>se</strong></span> <span class='ocrx_word' id='word_1_214' title='bbox 1328 4014 1484 4091; x_wconf 88' lang='lat' dir='ltr'><strong>abdicare.</strong></span> <span class='ocrx_word' id='word_1_215' title='bbox 1536 4020 1619 4090; x_wconf 84' lang='lat' dir='ltr'><strong>Cae·</strong></span> 
     </span>
     <span class='ocr_line' id='line_1_27' title="bbox 314 4116 1648 4221; baseline -0.002 -28"><span class='ocrx_word' id='word_1_216' title='bbox 314 4144 425 4193; x_wconf 86' lang='lat' dir='ltr'><strong>terum</strong></span> <span class='ocrx_word' id='word_1_217' title='bbox 452 4124 526 4217; x_wconf 89' lang='lat' dir='ltr'><strong>quia</strong></span> <span class='ocrx_word' id='word_1_218' title='bbox 551 4116 656 4218; x_wconf 87' lang='lat' dir='ltr'><strong>ipsum</strong></span> <span class='ocrx_word' id='word_1_219' title='bbox 683 4140 850 4221; x_wconf 86' lang='lat' dir='ltr'><strong>tantopere</strong></span> <span class='ocrx_word' id='word_1_220' title='bbox 873 4121 1001 4196; x_wconf 82' lang='lat' dir='ltr'><strong>urbibus</strong></span> <span class='ocrx_word' id='word_1_221' title='bbox 1017 4118 1191 4195; x_wconf 86' lang='lat' dir='ltr'><strong>inescatum</strong></span> <span class='ocrx_word' id='word_1_222' title='bbox 1204 4118 1329 4201; x_wconf 88' lang='lat' dir='ltr'><strong>videat,</strong></span> <span class='ocrx_word' id='word_1_223' title='bbox 1357 4121 1648 4201; x_wconf 78' lang='lat' dir='ltr'><strong>etarbitrantem,·</strong></span> 
     </span>
     <span class='ocr_line' id='line_1_28' title="bbox 275 4215 1618 4318; baseline -0.001 -24"><span class='ocrx_word' id='word_1_224' title='bbox 275 4226 281 4233; x_wconf 83' lang='grc'><em>’</em></span> <span class='ocrx_word' id='word_1_225' title='bbox 313 4228 400 4295; x_wconf 85' lang='lat' dir='ltr'><strong>vitae</strong></span> <span class='ocrx_word' id='word_1_226' title='bbox 424 4241 552 4318; x_wconf 84' lang='lat' dir='ltr'><strong>partem</strong></span> <span class='ocrx_word' id='word_1_227' title='bbox 577 4246 649 4294; x_wconf 90' lang='lat' dir='ltr'><strong>non</strong></span> <span class='ocrx_word' id='word_1_228' title='bbox 674 4220 838 4295; x_wconf 88' lang='lat' dir='ltr'><strong>modicam</strong></span> <span class='ocrx_word' id='word_1_229' title='bbox 864 4220 1025 4295; x_wconf 89' lang='lat' dir='ltr'><strong>cumillis</strong></span> <span class='ocrx_word' id='word_1_230' title='bbox 1054 4218 1265 4305; x_wconf 85' lang='lat' dir='ltr'><strong>amillimnn,</strong></span> <span class='ocrx_word' id='word_1_231' title='bbox 1299 4222 1450 4303; x_wconf 82' lang='lat' dir='ltr'><strong>iniuriam</strong></span> <span class='ocrx_word' id='word_1_232' title='bbox 1482 4215 1618 4316; x_wconf 87' lang='lat' dir='ltr'><strong>quidem</strong></span> 
     </span>
     <span class='ocr_line' id='line_1_29' title="bbox 313 4318 1617 4423; baseline -0.006 -26"><span class='ocrx_word' id='word_1_233' title='bbox 313 4326 477 4399; x_wconf 74' lang='lat' dir='ltr'><strong>Romanis</strong></span> <span class='ocrx_word' id='word_1_234' title='bbox 500 4318 532 4395; x_wconf 85' lang='lat' dir='ltr'><strong>sc</strong></span> <span class='ocrx_word' id='word_1_235' title='bbox 555 4326 797 4423; x_wconf 83' lang='lat' dir='ltr'><strong>irrogaturum:</strong></span> <span class='ocrx_word' id='word_1_236' title='bbox 821 4343 1044 4398; x_wconf 87' lang='lat' dir='ltr'><strong>verumtamen</strong></span> <span class='ocrx_word' id='word_1_237' title='bbox 1058 4320 1192 4395; x_wconf 82' lang='lat' dir='ltr'><strong>iudicio</strong></span> <span class='ocrx_word' id='word_1_238' title='bbox 1217 4320 1276 4397; x_wconf 90' lang='lat' dir='ltr'><strong>suo</strong></span> <span class='ocrx_word' id='word_1_239' title='bbox 1302 4321 1393 4394; x_wconf 85' lang='lat' dir='ltr'><strong>vrbes</strong></span> <span class='ocrx_word' id='word_1_240' title='bbox 1411 4324 1617 4419; x_wconf 80' lang='lat' dir='ltr'><strong>partiturum,</strong></span> 
     </span>
     <span class='ocr_line' id='line_1_30' title="bbox 309 4416 1618 4525; baseline -0.005 -27"><span class='ocrx_word' id='word_1_241' title='bbox 309 4446 347 4521; x_wconf 68' lang='lat' dir='ltr'><strong>¹et</strong></span> <span class='ocrx_word' id='word_1_242' title='bbox 375 4419 558 4506; x_wconf 78' lang='lat' dir='ltr'><strong>coffinum,</strong></span> <span class='ocrx_word' id='word_1_243' title='bbox 585 4445 667 4525; x_wconf 89' lang='lat' dir='ltr'><strong>quot</strong></span> <span class='ocrx_word' id='word_1_244' title='bbox 690 4424 749 4498; x_wconf 88' lang='lat' dir='ltr'><strong>libi</strong></span> <span class='ocrx_word' id='word_1_245' title='bbox 772 4424 949 4524; x_wconf 78' lang='lat' dir='ltr'><strong>placuerit,</strong></span> <span class='ocrx_word' id='word_1_246' title='bbox 974 4422 1000 4496; x_wconf 88' lang='lat' dir='ltr'><strong>sr</strong></span> <span class='ocrx_word' id='word_1_247' title='bbox 1026 4424 1069 4496; x_wconf 92' lang='lat' dir='ltr'><strong>illi</strong></span> <span class='ocrx_word' id='word_1_248' title='bbox 1093 4429 1190 4497; x_wconf 88' lang='lat' dir='ltr'><strong>etianr</strong></span> <span class='ocrx_word' id='word_1_249' title='bbox 1209 4422 1383 4504; x_wconf 86' lang='lat' dir='ltr'><strong>-videatur,</strong></span> <span class='ocrx_word' id='word_1_250' title='bbox 1410 4440 1441 4493; x_wconf 90' lang='lat' dir='ltr'><strong>et</strong></span> <span class='ocrx_word' id='word_1_251' title='bbox 1460 4416 1534 4491; x_wconf 86' lang='lat' dir='ltr'><strong>suae</strong></span> <span class='ocrx_word' id='word_1_252' title='bbox 1557 4418 1618 4493; x_wconf 89' lang='lat' dir='ltr'><strong>llet</strong></span> 
     </span>
     <span class='ocr_line' id='line_1_31' title="bbox 313 4516 1617 4627; baseline 0.002 -28"><span class='ocrx_word' id='word_1_253' title='bbox 313 4522 514 4610; x_wconf 83' lang='lat' dir='ltr'><strong>sententiae,</strong></span> <span class='ocrx_word' id='word_1_254' title='bbox 547 4552 661 4623; x_wconf 89' lang='lat' dir='ltr'><strong>pacem</strong></span> <span class='ocrx_word' id='word_1_255' title='bbox 687 4523 856 4627; x_wconf 88' lang='lat' dir='ltr'><strong>superbis</strong></span> <span class='ocrx_word' id='word_1_256' title='bbox 882 4520 1055 4599; x_wconf 85' lang='lat' dir='ltr'><strong>ctfoedus</strong></span> <span class='ocrx_word' id='word_1_257' title='bbox 1087 4520 1283 4599; x_wconf 86' lang='lat' dir='ltr'><strong>faciendum.</strong></span> <span class='ocrx_word' id='word_1_258' title='bbox 1335 4525 1369 4594; x_wconf 91' lang='lat' dir='ltr'><strong>Si</strong></span> <span class='ocrx_word' id='word_1_259' title='bbox 1399 4516 1546 4603; x_wconf 58' lang='lat' dir='ltr'><strong>recuset,</strong></span> <span class='ocrx_word' id='word_1_260' title='bbox 1579 4519 1617 4591; x_wconf 79' lang='lat' dir='ltr'><strong>li·</strong></span> 
     </span>
     <span class='ocr_line' id='line_1_32' title="bbox 315 4618 1614 4727; baseline -0.005 -26"><span class='ocrx_word' id='word_1_261' title='bbox 315 4654 392 4701; x_wconf 88' lang='lat' dir='ltr'><strong>cere</strong></span> <span class='ocrx_word' id='word_1_262' title='bbox 417 4626 484 4708; x_wconf 89' lang='lat' dir='ltr'><strong>illi,</strong></span> <span class='ocrx_word' id='word_1_263' title='bbox 517 4621 549 4699; x_wconf 87' lang='lat' dir='ltr'><strong>se</strong></span> <span class='ocrx_word' id='word_1_264' title='bbox 574 4655 690 4701; x_wconf 86' lang='lat' dir='ltr'><strong>omnes</strong></span> <span class='ocrx_word' id='word_1_265' title='bbox 715 4630 887 4703; x_wconf 86' lang='lat' dir='ltr'><strong>habentem</strong></span> <span class='ocrx_word' id='word_1_266' title='bbox 913 4621 955 4699; x_wconf 88' lang='lat' dir='ltr'><strong>de</strong></span> <span class='ocrx_word' id='word_1_267' title='bbox 979 4630 1107 4727; x_wconf 89' lang='lat' dir='ltr'><strong>integro</strong></span> <span class='ocrx_word' id='word_1_268' title='bbox 1134 4628 1230 4701; x_wconf 89' lang='lat' dir='ltr'><strong>armis</strong></span> <span class='ocrx_word' id='word_1_269' title='bbox 1262 4618 1433 4701; x_wconf 78' lang='lat' dir='ltr'><strong>lacellere:</strong></span> <span class='ocrx_word' id='word_1_270' title='bbox 1465 4642 1497 4695; x_wconf 92' lang='lat' dir='ltr'><strong>et</strong></span> <span class='ocrx_word' id='word_1_271' title='bbox 1528 4642 1614 4694; x_wconf 82' lang='lat' dir='ltr'><strong>mox</strong></span> 
     </span>
     <span class='ocr_line' id='line_1_33' title="bbox 316 4721 1613 4813; baseline -0.006 -10"><span class='ocrx_word' id='word_1_272' title='bbox 316 4732 557 4812; x_wconf 82' lang='lat' dir='ltr'><strong>Acarnaniam,</strong></span> <span class='ocrx_word' id='word_1_273' title='bbox 583 4726 809 4813; x_wconf 77' lang='lat' dir='ltr'><strong>Thellaliam,</strong></span> <span class='ocrx_word' id='word_1_274' title='bbox 834 4731 959 4811; x_wconf 73' lang='lat' dir='ltr'><strong>Seruio,</strong></span> <span class='ocrx_word' id='word_1_275' title='bbox 984 4747 1016 4801; x_wconf 91' lang='lat' dir='ltr'><strong>et</strong></span> <span class='ocrx_word' id='word_1_276' title='bbox 1039 4734 1121 4802; x_wconf 88' lang='lat' dir='ltr'><strong>intra</strong></span> <span class='ocrx_word' id='word_1_277' title='bbox 1147 4731 1205 4800; x_wconf 89' lang='lat' dir='ltr'><strong>has</strong></span> <span class='ocrx_word' id='word_1_278' title='bbox 1230 4727 1271 4801; x_wconf 84' lang='lat' dir='ltr'><strong>ad</strong></span> <span class='ocrx_word' id='word_1_279' title='bbox 1296 4730 1387 4797; x_wconf 90' lang='lat' dir='ltr'><strong>niare</strong></span> <span class='ocrx_word' id='word_1_280' title='bbox 1412 4721 1482 4798; x_wconf 84' lang='lat' dir='ltr'><strong>litas</strong></span> <span class='ocrx_word' id='word_1_281' title='bbox 1508 4722 1613 4807; x_wconf 66' lang='lat' dir='ltr'><strong>vrbee‘,</strong></span> 
     </span>
     <span class='ocr_line' id='line_1_34' title="bbox 318 4822 1695 4927; baseline -0.004 -22"><span class='ocrx_word' id='word_1_282' title='bbox 318 4851 351 4905; x_wconf 92' lang='lat' dir='ltr'><strong>et</strong></span> <span class='ocrx_word' id='word_1_283' title='bbox 383 4832 582 4903; x_wconf 77' lang='lat' dir='ltr'><strong>Renhoeam</strong></span> <span class='ocrx_word' id='word_1_284' title='bbox 615 4859 693 4904; x_wconf 88' lang='lat' dir='ltr'><strong>cum-</strong></span> <span class='ocrx_word' id='word_1_285' title='bbox 723 4826 861 4925; x_wconf 81' lang='lat' dir='ltr'><strong>Edessa,</strong></span> <span class='ocrx_word' id='word_1_286' title='bbox 895 4830 1193 4923; x_wconf 83' lang='lat' dir='ltr'><strong>Gynaecocallrum</strong></span> <span class='ocrx_word' id='word_1_287' title='bbox 1225 4850 1257 4903; x_wconf 90' lang='lat' dir='ltr'><strong>et</strong></span> <span class='ocrx_word' id='word_1_288' title='bbox 1281 4822 1511 4927; x_wconf 86' lang='lat' dir='ltr'><strong>Mygdoniam</strong></span> <span class='ocrx_word' id='word_1_289' title='bbox 1535 4850 1615 4899; x_wconf 89' lang='lat' dir='ltr'><strong>curn</strong></span> <span class='ocrx_word' id='word_1_290' title='bbox 1692 4880 1695 4889; x_wconf 82' lang='lat'><em>.</em></span> 
     </span>
     <span class='ocr_line' id='line_1_35' title="bbox 319 4924 1836 5033; baseline -0.004 -30"><span class='ocrx_word' id='word_1_291' title='bbox 319 4931 495 5005; x_wconf 81' lang='lat' dir='ltr'><strong>instauratis</strong></span> <span class='ocrx_word' id='word_1_292' title='bbox 520 4930 649 5032; x_wconf 71' lang='lat' dir='ltr'><strong>oppidis&#39;</strong></span> <span class='ocrx_word' id='word_1_293' title='bbox 673 4954 706 5006; x_wconf 91' lang='lat' dir='ltr'><strong>et</strong></span> <span class='ocrx_word' id='word_1_294' title='bbox 731 4938 855 5019; x_wconf 87' lang='lat' dir='ltr'><strong>circum</strong></span> <span class='ocrx_word' id='word_1_295' title='bbox 880 4934 1096 5027; x_wconf 87' lang='lat' dir='ltr'><strong>Strymonem</strong></span> <span class='ocrx_word' id='word_1_296' title='bbox 1120 4939 1232 5013; x_wconf 87' lang='lat' dir='ltr'><strong>vicos,</strong></span> <span class='ocrx_word' id='word_1_297' title='bbox 1263 4956 1364 5031; x_wconf 82' lang='lat' dir='ltr'><strong>usque</strong></span> <span class='ocrx_word' id='word_1_298' title='bbox 1390 4924 1432 5000; x_wconf 85' lang='lat' dir='ltr'><strong>ad</strong></span> <span class='ocrx_word' id='word_1_299' title='bbox 1456 4930 1615 5001; x_wconf 78' lang='lat' dir='ltr'><strong>terminos</strong></span> <span class='ocrx_word' id='word_1_300' title='bbox 1723 4942 1734 5017; x_wconf 65' lang='grc' dir='ltr'>ἦ</span> <span class='ocrx_word' id='word_1_301' title='bbox 1832 5025 1836 5033; x_wconf 29' lang='lat'>¹</span> 
     </span>
     <span class='ocr_line' id='line_1_36' title="bbox 317 5028 1616 5135; baseline 0 -26"><span class='ocrx_word' id='word_1_302' title='bbox 317 5037 498 5120; x_wconf 81' lang='lat' dir='ltr'><strong>Pherarum</strong></span> <span class='ocrx_word' id='word_1_303' title='bbox 522 5054 554 5108; x_wconf 87' lang='lat' dir='ltr'><strong>et</strong></span> <span class='ocrx_word' id='word_1_304' title='bbox 578 5029 768 5112; x_wconf 82' lang='lat' dir='ltr'><strong>Taurellani</strong></span> <span class='ocrx_word' id='word_1_305' title='bbox 791 5037 921 5119; x_wconf 74' lang='lat' dir='ltr'><strong>montes</strong></span> <span class='ocrx_word' id='word_1_306' title='bbox 946 5033 1127 5135; x_wconf 54' lang='lat' dir='ltr'><strong>appellatos&gt;</strong></span> <span class='ocrx_word' id='word_1_307' title='bbox 1142 5037 1302 5115; x_wconf 76' lang='lat' dir='ltr'><strong>Romanis</strong></span> <span class='ocrx_word' id='word_1_308' title='bbox 1328 5032 1476 5108; x_wconf 84' lang='lat' dir='ltr'><strong>attribuit.</strong></span> <span class='ocrx_word' id='word_1_309' title='bbox 1520 5028 1616 5109; x_wconf 83' lang='lat' dir='ltr'><strong>Zich-</strong></span> 
     </span>
     <span class='ocr_line' id='line_1_37' title="bbox 857 5136 1613 5215; baseline 0.005 -5"><span class='ocrx_word' id='word_1_310' title='bbox 857 5136 941 5210; x_wconf 57' lang='lat' dir='ltr'><strong>rSr</strong></span> <span class='ocrx_word' id='word_1_311' title='bbox 990 5161 1010 5215; x_wconf 80' lang='lat' dir='ltr'><strong>a</strong></span> <span class='ocrx_word' id='word_1_312' title='bbox 1560 5150 1613 5214; x_wconf 75' lang='lat' dir='ltr'><strong>ua,</strong></span> 
     </span>
    </p>
   </div>
   <div class='ocr_carea' id='block_1_5' title="bbox 362 5234 724 5321">
    <p class='ocr_par' dir='ltr' id='par_1_6' title="bbox 362 5234 724 5321">
     <span class='ocr_line' id='line_1_38' title="bbox 362 5234 724 5321; baseline 0.003 -20"><span class='ocrx_word' id='word_1_313' title='bbox 362 5237 427 5308; x_wconf 69' lang='lat' dir='ltr'><strong>ior.</strong></span> <span class='ocrx_word' id='word_1_314' title='bbox 449 5236 493 5301; x_wconf 82' lang='lat' dir='ltr'><strong>ld.</strong></span> <span class='ocrx_word' id='word_1_315' title='bbox 516 5234 641 5321; x_wconf 20' lang='lat' dir='ltr'><strong>iuittp.</strong></span> <span class='ocrx_word' id='word_1_316' title='bbox 663 5254 724 5320; x_wconf 81' lang='lat'>791.</span> 
     </span>
    </p>
   </div>
   <div class='ocr_carea' id='block_1_6' title="bbox 0 0 2338 6992">
    <p class='ocr_par' dir='ltr' id='par_1_7' title="bbox 0 0 2338 6992">
     <span class='ocr_line' id='line_1_39' title="bbox 0 0 2338 6992; baseline 0 0"><span class='ocrx_word' id='word_1_317' title='bbox 0 0 2338 6992; x_wconf 95' lang='lat' dir='ltr'><strong> </strong></span> 
     </span>
    </p>
   </div>
  </div>
 </body>
</html>
