4642 6992
669 1202 673 1214 '
738 1273 800 1346 ,90
1181 1213 1602 1321 mmmmm

518 1355 600 1438 Imp.
632 1368 722 1417 nnn·
846 1348 857 1364 ⁸
1524 1381 1526 1394 ¹

519 1457 639 1503 uvaia
662 1443 686 1505 L
1216 1469 1246 1518 a.
1269 1449 1308 1521 C.
1334 1450 1551 1538 noa-1163.

521 1525 627 1594 cm
737 1601 797 1649 um
823 1519 992 1646 conserere
1015 1571 1213 1670 properauit.
1266 1563 1332 1641 Sed
1360 1565 1437 1654 ille,
1471 1569 1610 1643 infinitas
1634 1565 1709 1642 licet
1733 1565 1898 1646 socionun
1925 1574 2034 1670 copias

740 1670 978 1774 comparasset,
1004 1677 1115 1770 primo
1141 1664 1277 1770 quidem
1302 1665 1413 1766 sugit:
1440 1668 1579 1753 deinde,
1604 1690 1640 1744 vt
1666 1675 1813 1742 animum
1838 1672 1922 1747 illius
1936 1699 2035 1744 occu·

737 1767 1436 1952 {slsl‘s‘asllvslll‘sllsfs
1464 1769 1608 1945 lidii
1625 1767 1975 1948 llisblnssts
1992 1771 2034 1946 l·

737 1903 1108 2099 principebopaccedere
1138 1975 1272 2055 liceret,
1304 1975 1405 2072 petiit.
1455 1977 1555 2046 Venit
1587 1976 1705 2073 igitur,
1737 1995 1900 2050 annuente
1933 1971 2035 2047 adid

738 2098 957 2177 imperatore,
984 2075 1025 2149 ad
1049 2075 1131 2150 illius
1148 2070 1317 2164 tribuual,
1346 2075 1449 2171 capite
1474 2093 1611 2173 aperto,
1637 2071 1762 2146 nudatis
1786 2102 1886 2177 vsque
1910 2073 1950 2148 ad
1979 2103 2032 2147 cu·

607 2263 629 2272 ,
740 2181 846 2253 bitum
873 2179 1044 2260 manibus,
1069 2174 1204 2274 pedibus
1228 2200 1269 2246 ue
1293 2169 1412 2246 nudis:
1440 2171 1644 2274 dependebat
1668 2201 1771 2273 porro
1800 2205 1818 2250 a
1845 2182 1970 2250 ceruice
1986 2173 2034 2248 su·

738 2285 813 2364 nis,
836 2305 1007 2378 manuque
1032 2273 1178 2376 gladium
1203 2201 1349 2364 serebat,
1376 2271 1497 2349 dedens
1523 2269 1555 2350 se
1579 2281 1742 2375 principi,
1776 2297 1832 2360 vt,
1857 2277 1948 2379 quod
1972 2277 2038 2351 vel·

706 2379 806 2466 (let,
833 2376 874 2451 de
899 2376 931 2454 se
956 2379 1113 2456 statueret.
1164 2378 1288 2480 Qibus
1311 2374 1364 2450 ille
1390 2399 1602 2462 commum,
1633 2381 1726 2450 errati
1744 2385 1880 2468 ¹veniam
1906 2373 2035 2450 conces-

737 2480 787 2558 fit
834 2483 899 2578 His
933 2475 1089 2580 prospere
1123 2479 1305 2556 contestu,
1339 2480 1517 2578 imperator
1549 2504 1591 2553 ex
1623 2482 1757 2564 Seme,
1791 2477 2035 2582 subsequentem

738 2583 1008 2682 Archizupanum
1032 2581 1177 2668 habens,
1202 2573 1339 2656 exceffie
2129 2601 2132 2604 ·

1330 2781 1369 2880 u.
1387 2785 1443 2854 m

635 2967 639 2976 '
684 3011 694 3032 .
843 2974 1061 3025 rneeasaon
1084 2944 1251 3046 repudiata
1275 2945 1439 3050 legatione
1465 2944 1731 3043 [Clitziaslhlanis
1756 2946 1901 3044 Sultani]
1927 2945 2034 3052 ipsum

741 3050 928 3148 [Gabram]
953 3047 1095 3126 dimisit:
1123 3054 1301 3148 accitisque
1327 3055 1347 3122 e
1372 3054 1482 3124 Semia
1509 3069 1541 3122 et
1564 3053 1734 3150 Hungaria
1768 3055 1948 3150 ingentibus
1980 3081 2035 3128 co·

740 3157 825 3253 piis.
850 3153 971 3226 bellum
994 3154 1111 3225 maiori
1136 3175 1212 3222 cura
1239 3155 1457 3250 apparauit.-
1478 3147 1550 3234 ‘Sed
1575 3151 1739 3223 auxiliares
1765 3153 1916 3252 Hungari
1928 3207 1939 3237 ‚
1964 3159 2035 3230 Ser-

740 3259 852 3352 uiique
877 3256 1036 3328 Romanis
1069 3253 1229 3336 obnoxii,
1261 3249 1351 3326 haud
1383 3251 1571 3350 tempestiue
1603 3249 1832 3337 aduenientes,
1849 3275 2036 3332 extraxere

730 3358 776 3432 :iu
801 3353 952 3431 aestatem
972 3353 1120 3448 bellum:
1142 3378 1185 3427 ex
1210 3377 1278 3456 quo
1293 3355 1353 3428 ¹res
1374 3357 1525 3428 maxime
1548 3345 1731 3426 labefactas·
1754 3359 1900 3457 contigit.

1318 3558 1356 3656 ᾗ.
1377 3563 1431 3632 ba.

1287 3747 1321 3794 a.
1344 3727 1387 3796 C.
1414 3689 1512 3797 116ss

643 3856 701 3939 27.
844 3861 1031 3932 taqueum
1056 3833 1089 3906 tl
1120 3840 1219 3914 etiarn
1257 3866 1337 3914 vere
1375 3847 1411 3914 in
1448 3848 1548 3917 animi
1584 3843 1836 3920 oblediationem
1867 3835 2033 3927 insumo,

738 3933 915 4038 postquam
940 3935 989 4013 sol
1014 3943 1181 4014 Canensm
1210 3961 1242 4015 et
1268 3945 1417 4016 Leonem
1444 3961 1651 4044 permearat,
1678 3966 1710 4018 et
1735 3945 1834 4017 aesius
1860 3943 2036 4018 Caniculae

740 4033 953 4123 des'aeuierat,
977 4040 1093 4114 bruma
1118 4045 1184 4114 iam
1208 4041 1342 4116 instante
1370 4047 1385 4139 [
1397 4049 1605 4145 imperator]
1636 4053 1671 4120 in
1706 4044 1913 4120 occidentem
1944 4071 2036 4144 egre·

740 4137 833 4214 ditur.
884 4138 1040 4215 Audierat
1065 4145 1368 4234 enimseruiomm
1393 4151 1607 4248 principem,
1631 4154 1776 4250 inquieto
1810 4165 1843 4218 et
1871 4141 2035 4219 insatiabili

738 4243 874 4340 ingenio
899 4243 1097 4328 hominem,
1131 4259 1361 4321 ss'arrrnuvnt
1404 4273 1618 4322 mannassen
1644 4254 1680 4315 r]
1707 4248 1790 4321 iuslo
1827 4246 2035 4322 audaciorem

737 4335 889 4426 faslum,
913 4341 1051 4416 finitima
1076 4370 1224 4446 quaeque
1249 4348 1424 4432 inuadere,
1450 4375 1488 4422 ac
1511 4350 1682 4452 populares
1706 4343 1780 4422 suos
1806 4355 1950 4448 grauiter
1958 4375 2032 4448 pre-

729 4468 856 4526 ¹essere,
878 4438 968 4516 feno
992 4439 1185 4544 grassantem
1209 4441 1346 4548 suaeque
1371 4445 1521 4524 fortunae
1547 4451 1708 4532 oblitum,
1736 4450 1917 4524 Crabatiam
1942 4458 1971 4514 ς)
2001 4452 2035 4524 'et

740 4546 950 4618 Cattarorum
976 4543 1183 4619 dominatum
1209 4546 1268 4620 srbi
1293 4547 1464 4627 vindicare.
1515 4558 1561 4626 Vt
1584 4558 1681 4652 igitur
1708 4555 1883 4624 Neemanis
1916 4549 2033 4628 volun-

738 4661 839 4718 tatem
863 4645 1068 4745 exploraret,
1094 4645 1323 4725 Theodormn
1348 4651 1511 4728 Padiatem
1537 4681 1614 4726 curn
1640 4657 1739 4752 copiis
1772 4653 1904 4756 ablegat.
1954 4657 2034 4726 Erat

738 4764 850 4819 autem
874 4773 911 4854 qa
935 4749 1110 4824 Neemanis
1136 4745 1283 4840 ferocia,
1308 4773 1367 4841 ut,
1393 4755 1478 4834 bello
1504 4781 1575 4832 nou
1598 4751 1746 4840 indisso,
1773 4753 1877 4831 statim
1908 4755 2033 4827 Roma·

738 4870 802 4922 nos
825 4843 1003 4928 muadereu
1922 4858 1954 4955 §.
1980 4861 2032 4944 63.

785 5055 835 5126 46.
861 5065 1051 5117 cruunuvs
1076 5027 1194 5135 pseu,
1216 5073 1272 5137 ης.
1414 5081 1479 5124 rum
1504 5061 1578 5126 duce
1601 5061 1743 5136 Dionysio
1764 5075 1952 5144 reportatam.

778 5171 829 5236 ⁴7·
850 5169 972 5220 uicus.
1000 5169 1109 5220 cuou.
1138 5179 1169 5243 p.
1198 5177 1275 5233 103,
1299 5172 1363 5230 104.
1464 5177 1486 5223 r
1486 5151 1513 5244 )
1540 5147 1557 5224 ὅ
1583 5158 1724 5248 Napai
1750 5159 1948 5249 Στεφανος.

675 5351 678 5354 ,
780 5281 804 5352 9
816 5272 832 5344 )
858 5267 925 5336 sos
953 5271 1112 5368 siderium
1142 5271 1179 5338 de
1207 5272 1363 5354 ilungaro-
1463 5254 1510 5348 s)
1533 5245 1752 5352 Χοςβωτιοιν.
