4642 6992
536 1248 540 1261 ·
638 1220 753 1311 ³452.
1033 1218 1037 1226 ’
1120 1206 1531 1287 svuururvar.

669 1398 762 1490 Irene
787 1418 817 1487 ei
843 1416 880 1486 in
905 1396 1153 1487 matrimonium
1179 1407 1272 1493 data,
1298 1407 1394 1484 simul
1409 1408 1625 1510 bulgarorum
1651 1402 1975 1509 regem'appellauit.

671 1522 777 1593 Maria
801 1518 955 1595 interim,
978 1511 1184 1585 Constantini
1209 1517 1293 1611 regie
1319 1508 1437 1593 vidua,
1463 1515 1563 1583 animi
1588 1536 1734 1610 anceps,
1759 1534 1827 1607 quo
1851 1502 1884 1580 se
1903 1532 1976 1579 ver·

670 1638 771 1699 teret,
810 1610 974 1687 nesciebat.
1009 1608 1188 1687 'Omnibus
1226 1610 1386 1695 demrun,
1425 1638 1524 1712 quarn
1560 1610 1642 1684 fieri.
1665 1630 1813 1709 poterat,
1847 1612 1975 1707 optime

674 1714 864 1817 perpensis,
889 1715 970 1787 nihil
992 1709 1080 1785 aliud
1104 1710 1184 1797 srbi,
1210 1710 1368 1815 siquidem
1393 1719 1506 1814 regina
1531 1708 1715 1811 essentque
1741 1708 1892 1810 appellari
1909 1706 1975 1781 vel·
2036 1798 2041 1807 ¹

672 1820 738 1901 let,
762 1812 910 1890 relidlum
937 1810 1087 1895 videbat,
1112 1840 1212 1915 quam
1236 1836 1271 1889 vt
1297 1818 1481 1888 Lachanam
1511 1818 1547 1885 in
1572 1818 1663 1913 regni
1685 1818 1813 1911 torique
1843 1806 1975 1885 societa-

675 1942 743 1993 tem
769 1918 953 1993 aduocaret.
1002 1924 1056 1989 De
1087 1938 1226 2015 utroque
1259 1921 1356 2015 igitur
1389 1942 1467 1989 cum
1501 1940 1560 2013 per
1591 1916 1715 2011 legatos
1728 1960 1731 1969 ·
1746 1908 1974 2012 significassem

675 2024 732 2095 laic
756 2016 913 2109 tandem,
944 2039 979 2090 et
1009 2014 1098 2119 quast
1120 2024 1279 2101 ¹renuenti
1310 2013 1443 2101 fimilir',
1463 2012 1559 2116 ‚quae
1583 2008 1801 2089 offerebantur
1835 2008 1976 2085 admisit.

676 2125 758 2215 Hoc
784 2116 899 2219 modo
926 2143 1031 2217 regno
1064 2121 1184 2215 potitus
1207 2120 1392 2201 Laelianas,
1426 2144 1509 2217 quae
1540 2113 1583 2189 ad
1616 2116 1759 2198 bellum,
1791 2111 1882 2213 quod
1913 2108 1975 2213 ipsi

677 2248 697 2295 a
722 2220 851 2295 Tatarir
877 2244 914 2291 ae
938 2223 1096 2293 Romanis
1120 2220 1332 2304 imminebat,
1357 2218 1576 2317 pertinebant,
1598 2212 1729 2291 firnrmo
1755 2212 1860 2289 sludio
1878 2239 1977 2314 appa·

678 2324 774 2395 rabat.
824 2327 913 2393 Cum
951 2324 1112 2393 Romania
1142 2317 1275 2419 quidem
1302 2314 1350 2393 sae
1376 2324 1422 2393 ius
1434 2319 1561 2419 proelio
1579 2344 1644 2393 con
1669 2314 1764 2391 ress‘us
1781 2316 1976 2416 plenunque

677 2419 786 2499 u'islor
818 2417 960 2495 discessit.
991 2445 1063 2495 non
1096 2441 1163 2493 tam
1196 2425 1312 2495 virtute
1350 2442 1412 2504 ua',
1444 2447 1543 2521 quam
1568 2347 1729 2503 inaudita,
1762 2444 1826 2518 qua
1857 2424 1891 2489 in
1924 2444 1978 2489 ca·

677 2530 786 2626 priuos
811 2524 977 2605 utebatur,
1002 2517 1197 2596 crudelitate.
1248 2527 1322 2595 Hac
1346 2526 1435 2595 enirn
1461 2518 1600 2595 deterriti
1627 2525 1794 2610 Romani,
1818 2546 1837 2591 a
1863 2544 1974 2619 pugna

677 2653 757 2698 cum
781 2626 934 2698 Lachano
959 2618 1100 2696 ineunda
1118 2648 1222 2725 quam
1247 2623 1392 2697 maxime
1416 2623 1638 2697 abhorrebant.
1689 2627 1864 2695 Caeterum
1896 2646 1975 2695 cum

674 2724 795 2826 insigni
822 2716 1017 2825 plerumque
1048 2729 1227 2799 temeritate
1261 2723 1447 2813 dimicaret3
1484 2720 1618 2797 tandem
1641 2719 1768 2797 factum
1792 2720 1861 2805 esl,
1895 2742 1975 2796 vta

672 2830 808 2903 Tataris
834 2823 962 2898 cladem
989 2830 1155 2925 acciperet.
1208 2830 1286 2900 Hoc
1301 2830 1436 2925 cognito
1450 2826 1673 2909 Ternobitae,
1701 2820 1856 2905 excusso,
1881 2818 1974 2925 quod
2018 2818 2023 2824 ’

663 2922 800 3001 ¹iamdiu
831 2924 1098 3010 meditabantur,
1128 2920 1247 3001 foedae
1276 2924 1453 3018 tyrannidis
1485 2931 1515 2998 iu
1541 2952 1589 3011 o,
1618 2930 1761 3002 Mariam
1794 2950 1872 2999 curn
1903 2922 1975 2999 filio

676 3024 1024 3105 Michaeleexercitur
1037 3032 1245 3126 imperatorii
1269 3026 1402 3101 ducibus
1428 2954 1612 3111 dedidgere,¹
1637 3048 1669 3101 et
1700 3034 1837 3123 Mytzae
1867 3024 1980 3097 filium·

672 3136 837 3205 loannem
863 3156 940 3201 cum
966 3156 1067 3203 vxore
1093 3134 1130 3201 in
1154 3130 1267 3203 vrbem
1294 3150 1462 3228 receptum
1488 3156 1602 3231 regem
1628 3125 1808 3203 salutanmt
1856 3128 1976 3201 Lacha-

674 3258 732 3306 nas
756 3230 921 3327 duplicem
944 3233 1030 3303 hanc
1053 3248 1088 3304 vt
1111 3226 1312 3303 ulcisceretur
1335 3234 1508 3314 iniuriam,
1534 3229 1674 3305 colledlo
1701 3230 1770 3303 satia
1783 3248 1906 3329 magno
1920 3255 1976 3301 ex·

676 3337 778 3408 ercitu
805 3332 1004 3406 Ternobum
1023 3328 1175 3422 *obsedit3
1206 3359 1280 3413 eam
1295 3338 1440 3415 tamen,
1467 3335 1625 3406 Romanis
1647 3331 1744 3417 licet,
1770 3356 1847 3431 quar
1873 3336 1976 3429 impe·

676 3455 766 3508 rator
793 3428 1017 3513 submittebat,
1051 3430 1149 3505 semel
1180 3436 1363 3536 iterumque
1387 3432 1565 3533 profligatis
1595 3439 1723 3532 copiis,
1758 3458 1873 3531 capere
1903 3456 1977 3505 non
2038 3526 2041 3531 Ι

676 3540 793 3636 potuit.
845 3539 922 3607 Erat
948 3530 1027 3607 mne
1052 3540 1134 3607 inter
1145 3534 1361 3634 Bulgarornm
1386 3560 1537 3633 proceres
1562 3533 1717 3636 quidam,
1742 3536 1977 3619 nomineTer·

673 3658 779 3720 teres,
808 3640 858 3709 vir
882 3640 1045 3707 maximae
1068 3633 1156 3733 apud
1182 3656 1315 3735 gentem
1341 3640 1461 3733 gratiae
1486 3657 1518 3708 et
1543 3634 1792 3721 existimationis.
1842 3639 1909 3753 Qi
1932 3659 1977 3705 ne

677 3763 729 3811 res
754 3762 856 3809 nouat¹
880 3736 1073 3817 moliretur,
1106 3742 1281 3828 imperator
1307 3732 1447 3819 veritus,
1480 3764 1557 3810 eum
1583 3742 1698 3810 loanni
1724 3732 1819 3811 Asiani
1843 3736 1978 3809 affinita-

678 3843 718 3911 tis
744 3836 875 3912 vinculo
899 3841 1035 3935 iungere
1059 3833 1211 3909 decreuit.
1262 3840 1416 3910 Terteres
1442 3833 1535 3911 facile
1560 3836 1617 3912 sibi
1644 3826 1824 3939 persuaderi
1849 3834 1976 3936 passus,

678 3964 810 4023 vxore,
839 3939 939 4035 quam
964 3958 1036 4009 trum
1063 3938 1221 4019 habebat,
1255 3964 1334 4027 cum
1357 3935 1735 4038 lilio-Osplrentisshlabo
1766 3936 1807 4013 ad
1839 3942 1979 4036 impera·

679 4059 790 4114 torem
813 4032 928 4120 nrissa,
954 4032 1101 4109 sororem
1126 4034 1236 4113 Asanir
1261 4044 1294 4113 in
1319 4044 1567 4113 matrimonium
1599 4048 1746 4143 accepit,
1778 4060 1811 4113 et
1842 4036 1977 4139 despota

682 4142 723 4213 ab
749 4144 945 4239 imperatore
969 4137 1144 4237 appellatur
1169 4138 1223 4213 est.
1271 4140 1387 4215 Nihilo
1413 4160 1524 4235 pernen
1549 4146 1679 4234 minus,
1715 4140 1888 4215 conciliatis
1918 4136 1978 4212 fibi

612 4306 618 4324 ,
680 4248 785 4346 gentis
811 4242 1019 4339 proceribus,
1043 4240 1133 4313 breui
1154 4240 1230 4339 post
1256 4268 1283 4314 a.
1297 4246 1347 4314 ·C.
1375 4254 1462 4324 1280.
1489 4268 1628 4343 regnum
1655 4240 1824 4319 affedlauit.
1872 4238 1978 4344 Qod

682 4350 750 4414 eins
764 4345 944 4438 vtprimum
957 4346 1103 4439 apparuit
1116 4339 1310 4432 confilium,
1334 4348 1492 4426 loannes,
1507 4344 1653 4421 colledla
1665 4350 1753 4446 regia
1766 4368 1872 4444 gaza,
1893 4368 1978 4441 quae

681 4437 929 4541 splendidiffiuia
956 4444 1107 4516 Ternobi
1133 4439 1367 4525 asseruabatur,
1400 4443 1484 4520 clam
1510 4466 1587 4517 cnm
1619 4474 1723 4521 uxore
1750 4443 1979 4520 Constantino·

681 4543 776 4644 polin
808 4544 961 4643 profugit
1022 4570 1209 4617 rrnrnnrs
1249 4549 1355 4644 itaque
1388 4574 1528 4621 vacuum
1563 4542 1672 4621 Alanis
1703 4546 1782 4649 fuga
1812 4572 1977 4645 regnum,

682 4669 802 4744 magna
827 4644 1043 4745 bulgarorum
1067 4645 1255 4727 volumtate,
1314 4646 1395 4717 alam
1430 4673 1512 4721 occu
1537 4654 1610 4726 anit.
1665 4652 1768 4723 Tunc
1801 4668 1834 4721 et
1858 4649 1980 4719 Lacha-

627 4745 634 4753 ’
682 4769 761 4827 nas,
785 4771 866 4816 cum
892 4742 948 4817 diu
973 4749 1039 4817 iam
1063 4749 1264 4820 Ternobum
1288 4672 1403 4819 lruslra
1426 4746 1494 4821 'obs
1527 4746 1616 4833 isset,
1640 4748 1682 4822 ad
1694 4758 1852 4852 Nogam,
1877 4751 1985 4821 Tata··

600 4932 606 4947 .
681 4870 799 4920 rorum
824 4848 1031 4945 principem,
1051 4846 1195 4933 auxilia,
1231 4874 1372 4945 quorum
1406 4875 1472 4949 ope
1505 4855 1539 4921 in
1572 4876 1712 4951 regnum
1746 4847 1977 4940 reduceretur,

681 4968 836 5046 rogatum
862 4948 946 5019 abiit.
997 4950 1079 5019 Non
1105 4947 1160 5019 din
1188 4949 1266 5046 post
1286 4956 1423 5023 loannes
1451 4945 1491 5022 ad
1516 4950 1659 5025 eundern
1684 4980 1761 5026 cum
1787 4946 1881 5025 donis
1907 4948 1977 5049 plu·

614 5069 618 5079 ·
681 5052 771 5122 rimis
796 5048 835 5119 ab
858 5051 1055 5145 imperatore
1079 5043 1189 5120 missus
1218 5048 1284 5131 ell,
1317 5044 1372 5147 spe
1404 5050 1560 5126 auxilium
1591 5054 1631 5125 ab
1662 5078 1729 5137 eo,
1766 5060 1887 5154 quippe
1921 5056 1978 5149 qui

682 5153 792 5224 uraris
817 5153 884 5223 airu
908 5145 1057 5225 sororem
1093 5154 1130 5225 in
1149 5155 1366 5229 matrimonio
1389 5138 1547 5248 habebat,
1580 5152 1789 5255 impetrandi.
1842 5158 1978 5229 Vtrum-

1787 5327 1794 5339 ,
1913 5278 1981 5355 que

1923 5388 1935 5412 .
