4642 6992
762 1194 985 1292 'CARVT
1034 1200 1142 1281 XXV.
1177 1239 1185 1249 ⁴
1534 1215 1546 1304 t
1577 1221 1648 1302 831,

1081 1390 1088 1397 .
1365 1345 1375 1362 ⁶
1653 1316 1754 1402 Imp?
1804 1332 1861 1383 ω,

725 1432 737 1449 ‘
795 1414 1156 1507 acum-1350.
1652 1420 1752 1467 aare
1785 1406 1857 1474 aaa

306 1548 408 1631 erit,
457 1541 644 1619 hortatione
686 1538 812 1622 destitit.
910 1576 968 1623 uae
1013 1554 1129 1623 omnia
1168 1542 1385 1650 postmodum
1430 1554 1478 1626 ite
1516 1546 1642 1628 accide-
1650 1508 1845 1646 matrina

307 1668 397 1727 mnt-

911 1752 939 1849 ὗ
967 1762 1044 1841 aaa

407 1886 586 1982 [rvnront
601 1886 787 1983 imperatori
799 1944 810 1970 ,
822 1890 938 1963 ioanni
953 1885 1173 1986 l'alaeologo,
1184 1892 1277 1961 aima
1291 1905 1403 1961 contra
1415 1889 1634 1973 Marciacum.
1653 1906 1725 1995 416,

303 1990 440 2061 bannis
467 1990 684 2060 Cantacrrzeni
709 1988 836 2073 filiurn,
865 1994 1025 2089 capienti]
1055 1987 1240 2063 Alexander
1267 1995 1345 2063 item
1371 1984 1567 2067 Moesorum
1580 2020 1640 2068 rex

303 2112 439 2191 togatus
462 2082 637 2161 subsidium
662 2086 771 2163 misit:
796 2088 923 2193 semper
945 2095 1038 2165 enim
1062 2094 1093 2163 ei
1119 2088 1280 2190 suspedlus
1306 2096 1639 2177 eratCantacuzenu's‚

304 2190 397 2293 qnasi
423 2185 527 2265 Persas
561 2195 629 2263 eius
661 2218 801 2293 regnum
831 2186 992 2266 incursare
1022 2214 1093 2266 nou
1125 2193 1322 2293 prohiberet.
1370 2196 1637 2271 Cantacuzeuunt

304 2313 422 2367 corttra
448 2286 477 2363 se
503 2287 636 2389 Moesos
663 2313 695 2365 et
720 2292 884 2367 Triballos
909 2290 1025 2365 adduci
1052 2319 1120 2365 uon
1146 2292 1282 2376 fefellit.
1308 2291 1449 2391 proinde
1474 2294 1641 2397 etipseex

304 2392 385 2474 Atia
408 2392 447 2467 ab
473 2396 626 2468 Orchane
649 2417 776 2495 genero
799 2393 964 2501 Persicum
986 2396 1144 2469 auxilium
1167 2390 1392 2497 poposcit-.

934 2654 943 2671 .
993 2610 1013 2681 8
1040 2648 1048 2669 ·

405 2728 555 2805 Callistus
581 2734 760 2831 patriarcba
787 2598 1164 2831 Censtadtinbpsolitanus
1178 2726 1517 2825 -Didymorichnm
1549 2686 1727 2845 [pam.

302 2832 352 2901 cis
379 2830 598 2905 conciliandae
622 2830 737 2931 causa]
765 2840 915 2917 veniens,
941 2861 1101 2934 geueuun
1127 2835 1141 2927 [
1154 2838 1567 2923 Cantacuzeni,loanuem
1583 2839 1640 2906 Pa·

304 2930 524 3033 lecologum]
551 2940 682 3009 Aenum
713 2934 901 3037 profestum
930 2939 1087 3018 inuenit,
1121 2932 1317 3035 aderantque
1350 2961 1390 3006 ex
1425 2934 1577 3009 Triballis
1608 2954 1640 3008 et

304 3032 431 3111 Moefis
457 3034 595 3121 auxilia.
621 3064 702 3137 quae
727 3042 896 3121 Romani,
918 3038 959 3111 ab
984 3042 1180 3136 imperatore
1196 3041 1324 3108 iuniore
1343 3032 1449 3118 missi,
1476 3032 1640 3120 ducentes,

305 3136 396 3207 iuxta
421 3138 571 3211 Hebrum
596 3144 734 3213 nonita
760 3138 875 3237 procul
899 3137 1050 3213 diductis
1074 3136 1178 3211 callris
1205 3154 1218 3231 t
1242 3157 1276 3211 vt
1299 3132 1496 3211 Moesorum
1529 3158 1640 3211 tamen

305 3232 409 3309 essent
460 3240 530 3312 vrbi
564 3238 858 3341 propinquiffima)
885 3240 1065 3315 tendebant.
1116 3242 1297 3313 statuerant
1335 3259 1445 3311 autem
1484 3236 1640 3337 postridie

305 3332 403 3409 simul
429 3366 546 3413 omnes
572 3347 818 3442 Empythiurn‚
842 3342 1028 3425 cassellum,
1064 3339 1154 3441 quod
1195 3342 1439 3413 Cantacuzenus
1478 3338 1637 3437 praesidio

304 3436 513 3524 firmauerar,
538 3444 714 3527 inuadere,
740 3465 775 3517 et
799 3442 958 3517 damnum
986 3442 1063 3515 dare
1091 3446 1285 3515 maximum.
1335 3439 1466 3515 Eodem
1494 3438 1639 3514 diecou.

305 3544 400 3640 tigit,
426 3540 589 3617 Persicum
624 3540 756 3645 quoqne
789 3546 970 3636 auxilium,
1002 3550 1234 3639 Cautacuzeuo
1275 3539 1501 3633 destinatum,
1540 3564 1639 3616 uana·

306 3637 403 3715 misso
429 3636 645 3745 Hellesponto
669 3646 709 3719 ad
736 3651 886 3722 Hebrum
912 3646 1146 3740 castrametari,
1171 3672 1210 3715 ac
1221 3640 1364 3727 nescire,
1391 3644 1517 3717 hostem
1532 3671 1639 3744 prope

305 3740 463 3828 tetulero,
492 3766 523 3818 et
548 3746 682 3821 vicili'rm
708 3752 746 3823 ab
773 3778 813 3823 eo
840 3746 959 3825 nesciri.
1008 3754 1110 3821 Erant
1135 3754 1279 3846 equitum
1312 3773 1383 3818 uon
1416 3750 1523 3819 miuus
1555 3744 1639 3819 dena
1731 3798 1742 3809 -

306 3844 431 3930 millia,
458 3844 541 3919 duce
567 3850 759 3931 Sulimano,
785 3854 947 3926 Orchauis
971 3847 1043 3923 silio
1069 3845 1218 3925 seniore:
1243 3850 1299 3947 qui
1331 3870 1363 3920 et
1398 3844 1460 3947 ipsi
1494 3843 1638 3946 sequenti
1713 3854 1721 3861 '
1751 3848 1757 3856 ’

305 3946 432 4022 lumine
458 3946 697 4050 Adriauopolin
723 3951 763 4025 ad
796 3958 1025 4052 imperatorem
1059 3977 1196 4052 pergere
1236 3950 1429 4048 cogitabant.
1480 3948 1636 4021 Diluculo

304 4070 338 4122 et
365 4049 407 4120 illi
436 4049 540 4121 caslris
568 4051 716 4151 digressi,
739 4050 783 4125 ad
809 4058 1041 4153 imperatorem
1067 4058 1113 4123 ire
1140 4048 1402 4124 contendebant:
1437 4070 1468 4121 et
1497 4049 1636 4123 Triballi

305 4174 344 4223 ac
370 4148 478 4233 Moesi
503 4181 580 4225 cum
606 4160 787 4239 Romanis,
814 4183 831 4228 a
859 4158 972 4255 quibus
1000 4152 1222 4235 ducebantur..
1250 4155 1361 4223 annoti
1389 4144 1493 4224 versus
1530 4150 1637 4225 castel·
1716 4201 1727 4215 .

210 4282 215 4290 ’
304 4250 375 4325 lum
403 4250 614 4339 incedebant,
637 4284 715 4330 cum
740 4276 873 4355 repente
898 4278 1014 4329 mutuo
1039 4250 1071 4327 se
1096 4257 1194 4328 ambo
1228 4258 1383 4325 exercitus
1426 4248 1637 4349 conspiciunt.

306 4355 486 4452 Extemplo
512 4355 644 4443 Moel'r,
672 4355 877 4458 congressum
902 4387 979 4430 cum
1005 4356 1146 4429 hoslibus
1173 4352 1437 4435 extimescentes,
1470 4351 1637 4447 Didymo-
1686 4391 1690 4395 “

303 4458 431 4527 tichum
460 4457 574 4557 trepidi
601 4481 735 4557 petunt,
764 4486 896 4561 magnas
920 4456 1017 4559 fugae
1044 4460 1198 4531 habentes
1223 4464 1360 4557 gratias.
1393 4459 1481 4527 cuius
1514 4454 1636 4528 benefi-

306 4560 363 4632 cio
387 4554 560 4631 euafiffent.
613 4559 776 4655 [Triballi
802 4582 834 4633 et
859 4564 1002 4632 Romani
1030 4586 1106 4631 cum
1135 4554 1234 4631 Persis
1254 4557 1379 4655 proelio
1393 4555 1553 4655 congressa
1567 4563 1635 4627 vin-

306 4661 458 4755 cuntur]
507 4662 633 4734 Barbari
658 4656 835 4734 secundum
863 4662 1031 4735 visloriam
1059 4688 1136 4733 cum
1163 4657 1291 4755 direptis
1321 4654 1463 4729 hostium
1478 4663 1633 4740 tentoriis,

304 4762 438 4861 captiuis
465 4778 497 4835 et
519 4789 688 4839 armorum
712 4790 940 4865 equorumque
966 4758 1170 4834 multitudine
1195 4756 1433 4859 Adrianopolin
1456 4754 1498 4830 ad
1529 4764 1634 4857 impe·
1705 4859 1709 4866 ἢ

533 4871 540 4887 ’
835 4866 872 4941 T
900 4885 912 4941 t
938 4884 951 4939 t
977 4882 1027 4939 tt
1077 4888 1097 4937 a
1547 4870 1635 4934 ratu..¹

305 5104 407 5252 “pte
433 5110 729 5168 cauracvzeuvs
754 5099 798 5167 T.
829 5104 879 5167 111.
907 5118 936 5187 p.
1026 5120 1087 5184 4¹7·
1111 5094 1152 5161 Id.
1173 5093 1246 5159 ibid.
1269 5114 1299 5181 p.
1322 5101 1467 5177 844‚845·

313 5320 318 5325 .
473 5326 488 5368 l
552 5274 568 5316 ,’
1047 5284 1056 5316 p
