4642 6992
782 1180 992 1260 cirvr
1019 1156 1103 1259 inii
1166 1232 1167 1237 i
1516 1210 1573 1281 aa

1342 1384 1344 1387 Ι
1579 1276 1791 1384 lmppronrr.

777 1412 806 1459 a.
832 1392 1105 1478 Cim-1357.
1580 1400 1626 1446 nu
1651 1388 1721 1451 Par.

274 1499 342 1579 hm
371 1500 583 1587 calamitatem
607 1499 780 1591 unexisti,
815 1526 852 1579 nt
875 1510 1080 1587 Acarnanes,
1106 1502 1154 1577 ob
1176 1501 1411 1580 intolerandam
1446 1501 1571 1579 saniem
1584 1487 1723 1622 &ANNE

275 1605 317 1681 ad
341 1610 517 1679 maritimas
544 1632 617 1678 orae
640 1600 758 1704 sponte
782 1601 945 1705 profecti,
969 1607 1104 1679 barbaris
1129 1601 1286 1709 plagiariis
1312 1606 1438 1679 lucium
1457 1604 1490 1679 se
1503 1634 1575 1707 gia·
1611 1567 1711 1624 antas

173 1789 180 1793 ,
273 1712 394 1782 tuitum
424 1704 676 1808 prostituerent:
712 1702 910 1782 obsecrantes
946 1713 988 1797 in¹
1008 1708 1083 1781 alias
1116 1726 1217 1778 terras
1247 1706 1433 1791 transferri,
1465 1710 1573 1808 ibique

273 1805 391 1907 seruire
414 1828 483 1882 tota
508 1811 571 1881 uita
595 1811 725 1907 potior,
760 1834 859 1911 quam
885 1804 1041 1909 praesenti
1067 1806 1174 1879 inedia
1199 1809 1429 1883 contabescere.
1485 1810 1573 1884 Post-

274 1936 311 1983 ea
337 1909 471 2009 Angelo
508 1905 706 1984 consobiino
734 1938 815 1984 meo
847 1908 1046 1995 demortuo,
1081 1935 1181 2009 quem
1213 1936 1278 2009 ego
1311 1932 1497 2010 praetorem
1533 1937 1576 1986 eo

275 2004 450 2094 miseram,
474 2029 510 2082 tu
534 2015 717 2111 prouincias
743 2014 798 2085 tibi
822 2010 1017 2101 vendicasti3
1052 2030 1085 2083 et
1110 2030 1272 2109 praeterea
1298 2014 1390 2087 vibes
1415 2011 1573 2087 Macedo·

274 2116 346 2187 niae
370 2138 444 2184 non
465 2137 609 2211 paucas:
643 2139 753 2213 quae2
778 2112 911 2213 quando
935 2109 1070 2187 vicissim
1108 2112 1313 2198 incubamus,
1344 2108 1400 2185 sub
1431 2108 1573 2213 imperio

273 2216 433 2289 Romano
458 2209 674 2289 censebantur.
726 2222 848 2287 Vtrum
871 2220 969 2315 igitur
993 2216 1076 2285 haec
1100 2221 1234 2287 amantis
1261 2234 1301 2309 et¹
1311 2218 1481 2289 iuramenti
1506 2210 1574 2287 san·

274 2317 420 2389 (liutem
444 2314 675 2405 custodientis,
700 2314 905 2417 habendique
929 2313 1157 2414 inexplebilem
1187 2314 1372 2389 auiditatem
1399 2319 1437 2389 et'
1448 2320 1573 2416 rapinas

273 2413 414 2491 odientis
437 2411 532 2502 sunt,
557 2443 600 2491 au
627 2415 724 2515 plane
747 2414 857 2490 secus?
886 2424 912 2489 Α
941 2419 1053 2517 quibus
1080 2420 1160 2488 vitiis
1184 2443 1245 2490 nos
1270 2414 1387 2517 procul
1411 2413 1570 2491 absumus.
1608 2444 1678 2516 199.
1759 2480 1766 2491 .

274 2521 472 2620 Qininimo
498 2543 575 2591 cuin
602 2522 756 2591 Ainuriur
781 2523 835 2590 liic
860 2516 901 2589 ad
926 2546 986 2591 me
1009 2514 1189 2589 iuuandum
1217 2546 1293 2589 cum
1320 2534 1461 2618 quatuor
1482 2538 1513 2592 et
1526 2525 1572 2593 vi-

272 2622 351 2720 ginti
374 2620 591 2694 barbarorum
614 2618 753 2692 millibus
777 2615 918 2705 adesset,
944 2625 1000 2719 qui
1026 2614 1222 2692 uniuersum·
1236 2625 1453 2721 principatum
1475 2640 1571 2695 tuum

274 2740 450 2794 concinere
472 2748 513 2791 ac
538 2718 702 2793 destruere
726 2741 899 2819 poterant:
924 2726 994 2793 caui
1020 2717 1280 2819 diligentiffime‚
1308 2748 1352 2793 ne
1389 2718 1444 2793 uid
1457 2718 1570 2796 damni

294 2825 441 2895 rouincia
465 2842 521 2893 tua
543 2841 728 2923 pateretur:
760 2848 957 2923 quamquam
989 2821 1061 2894 belli
1086 2820 1257 2893 honestam
1284 2748 1492 2895 occasionem
1515 2824 1571 2895 han

271 2848 377 2997 berem
405 2926 531 3023 priores
555 2920 704 3012 infidiam
725 2923 884 3025 quodque
908 2948 1009 3021 opere
1032 2916 1102 3020 ipso
1127 2942 1277 3021 apertum
1303 2942 1335 2997 te
1351 2924 1479 2997 hostem
1493 2950 1570 3025 pro·

275 3024 426 3113 suebum
453 3043 491 3096 et·
510 3020 596 3101 hisce
621 3024 754 3109 litteris,
779 3053 856 3125 quas
881 3022 922 3095 ad
947 3052 1003 3096 nie
1028 3020 1162 3105 misisti,
1200 3049 1317 3121 pacem
1352 3030 1570 3098 et-'iiuamen-

273 3144 338 3200 tuni
362 3122 587 3215 rescindebar3
620 3148 653 3199 et
676 3122 710 3197 id
734 3156 754 3198 a
778 3154 835 3201 nie
860 3126 980 3197 barbari
1003 3129 1100 3196 etiam
1125 3144 1157 3195 at
1181 3150 1221 3194 ue
1254 3129 1351 3198 etiam
1378 3124 1568 3225 flagitarent.

274 3228 402 3303 Tamen
430 3226 606 3302 absurdum
631 3230 728 3299 nimis
754 3249 787 3301 et
810 3224 966 3328 personae
996 3252 1091 3298 meae
1121 3150 1316 3299 indecorum
1350 3223 1455 3320 duxi,
1490 3253 1568 3327 pro·

274 3334 530 3431 pterminutum
556 3331 781 3431 ahiedlumque
807 3332 953 3403 animum
980 3346 1097 3409 tuum,
1123 3343 1156 3397 et
1180 3328 1215 3397 in
1239 3326 1333 3401 iebus
1358 3326 1499 3402 honestis
1517 3332 1569 3401 in·

274 3432 503 3519 constantiam,
537 3434 702 3531 ingratum
726 3459 804 3531 erga
828 3436 951 3503 amicor
974 3448 1073 3529 atque
1094 3422 1413 3511 infuderit-videri,
1447 3425 1475 3503 fi
1509 3432 1567 3531 qui

272 3551 350 3608 tanta
371 3539 406 3605 in
438 3560 494 3607 me
519 3537 610 3631 prior
634 3532 722 3605 bona
745 3528 946 3613 contulisset,
974 3532 1004 3603 ei
1028 3528 1109 3603 nihl
1120 3525 1358 3629 rependerem5
1382 3524 1462 3615 sed,
1486 3554 1566 3629 pro·

272 3634 475 3813 ptpcdpm
499 3630 656 3735 quasdam
670 3633 882 3719 tolerabiles,
914 3636 950 3706 in
972 3634 1066 3705 omni
1097 3632 1162 3706 uita
1178 3688 1182 3697 .
1196 3656 1272 3706 inea
1305 3630 1428 3733 reliqua
1462 3630 1567 3737 hallia
1688 3679 1690 3687 ·

323 3762 452 3812 oeiun
478 3731 644 3810 ducerem

363 3902 446 3981 Post
469 3900 505 3979 id
529 3923 660 4008 tempus
684 3928 760 3978 cum
787 3900 908 4006 liepius
940 3900 1058 3981 ulcisci·
1080 3928 1137 3978 uie
1172 3892 1325 4003 possem,
1355 3904 1451 3983 uolui
1463 3931 1475 3977 ε
1507 3928 1564 3981 re·

270 4026 337 4076 mm
361 4004 465 4093 missia
492 4010 693 4092 oratoribus,
725 4012 821 4081 etiam
853 4028 926 4081 ante
960 4007 1092 4107 captum
1118 4004 1336 4099 Byzantinin‚
1368 4028 1403 4083 ut
1425 4002 1561 4083 tandem

272 4107 359 4175 amici
383 4106 538 4182 officium
573 4104 765 4210 sequerere,
789 4137 874 4183 neue
896 4116 1072 4183 iuramenta
1097 4106 1256 4187 violares,
1283 4114 1405 4205 rogaui.
1431 4112 1561 4192 Atto,

271 4202 342 4303 quid
367 4214 415 4282 iur
442 4206 555 4308 furque
577 4209 802 4310 postularent,
831 4237 902 4283 non
928 4212 1082 4293 curabas,
1111 4204 1376 4378 sermoniburpue
1399 4203 1561 4281 fallacibus

272 4325 302 4377 et
325 4307 455 4383 uiriofie
482 4308 740 4385 circumscribere
766 4338 821 4384 me
847 4314 1028 4387 attentabat.
1077 4315 1177 4393 Eo,
1208 4326 1333 4381 tameti
1364 4308 1399 4383 id
1433 4304 1562 4384 nossem

269 4403 468 4505 planiss'nne,
493 4438 566 4484 non
589 4411 695 4487 statim
719 4416 756 4484 iu
780 4433 812 4485 te
837 4441 928 4485 aima
953 4416 1073 4501 moui3
1095 4338 1150 4484 ἑά
1176 4410 1317 4484 enitebar
1341 4402 1492 4511 semper,
1518 4434 1584 4507 ue¹

269 4509 435 4587 timiditate
458 4508 645 4615 qoadam‘ll
668 4510 711 4587 ad
734 4513 855 4587 belluni
879 4518 935 4587 tibi
957 4510 1170 4587 inserendum
1195 4504 1373 4609 prosiluisse
1396 4512 1562 4587 existima

269 4631 329 4682 m.
378 4618 468 4688 Cum
497 4640 663 4691 cernerem
689 4636 823 4700 autem,
846 4611 1001 4689 incassum
1015 4641 1084 4693 ,me
1108 4612 1276 4694 laborare,
1307 4614 1562 4689 multitunem·

271 4732 331 4809 que
350 4739 461 4809 nicam
482 4742 559 4790 non
580 4713 845 4817 magnitudinem
867 4720 968 4790 animi
994 4736 1026 4790 et
1049 4720 1267 4814 aequitatem,
1291 4702 1346 4785 led
1371 4718 1561 4799 monunci·
1666 4764 1673 4771 -

269 4809 377 4889 ullium
400 4814 614 4918 neglelbim
650 4844 689 4889 ac
712 4816 961 4917 propemodum
986 4813 1208 4917 proditionem
1235 4806 1318 4884 effe:
1350 4843 1394 4891 ne
1418 4813 1465 4889 sic
1492 4822 1562 4917 qui·
1636 4822 1645 4829 '

271 4906 342 4985 detti
366 4918 403 4989 in
426 4924 633 5018 prouinciam
657 4937 748 4992 tuam
764 4925 849 4993 irrui
861 4949 875 5012 3
906 4914 962 4993 sed
991 4916 1132 4993 ademtae
1158 4913 1252 4990 vibes
1277 4918 1364 4989 nitor
1394 4922 1560 5017 recipere,

271 5035 401 5131 §lutum
425 5016 517 5095 causa
550 5040 588 5097 tu
613 5046 669 5096 me
692 5026 841 5101 auaritiae
871 5024 1109 5125 iniquitatisque
1144 5010 1308 5089 infimulas
1343 5018 1429 5111 (tale
1468 5012 1575 5191 ‹prid-s

1168 5182 1170 5189 ,
1502 5142 1559 5193 am

310 5218 523 5296 'Ml-m
544 5246 576 5310 Ρ·
600 5236 667 5307 787·
824 5262 830 5281 2
943 5277 947 5283 ,
982 5219 1027 5318 d)
1051 5216 1120 5302 dno
1145 5214 1431 5321 pmqeibcxroen.
