4642 6992
659 1240 1199 1396 'nrsravusj-
1377 1377 1378 1382 Ν
1503 1209 1559 1359 in

275 1490 336 1562 boe
356 1509 434 1559 vero
460 1501 613 1580 tempore
639 1500 718 1554 cum
741 1481 971 1554 Cantacuzeno
995 1503 1047 1552 res
1064 1493 1115 1554 'er
1139 1493 1221 1552 voto
1232 1471 1456 1574 succederentt
1480 1487 1579 1558 Cra.⁵

277 1593 318 1664 les
340 1582 457 1659 inuidia
482 1579 621 1665 durius,
654 1585 740 1656 varia
776 1582 900 1655 coatia*
921 1608 1003 1654 eum
1030 1578 1141 1654 moliri
1174 1589 1313 1680 coepit,
1344 1580 1379 1655 id
1399 1587 1557 1682 'inprimis

277 1718 386 1793 agens,
410 1707 447 1759 vt
472 1711 551 1760 eum
577 1681 696 1760 infidiis
720 1705 857 1782 caperet.
882 1685 1005 1784 Qibus
1026 1711 1045 1754 a
1065 1687 1296 1756 Cautacuzeno
1309 1689 1452 1770 enitatis,
1480 1692 1558 1772 Cra,
1658 1715 1659 1718 ¹

201 1776 205 1787 .
279 1796 316 1868 les
336 1787 467 1864 foedere
491 1807 601 1886 aperte
626 1807 751 1886 rupto,
785 1785 905 1862 bellum
942 1783 988 1857 illi
1023 1782 1236 1858 denunciauit.
1288 1789 1426 1886 Vtrique
1459 1785 1559 1890 igitur
1617 1793 1622 1812 “

278 1893 354 1968 holli
376 1918 452 1964 cum
480 1883 513 1962 se
542 1894 705 1986 imparem
736 1883 800 1960 elle
832 1892 1076 1960 Cautacuzeuus
1107 1887 1328 1986 intelligeret,
1363 1893 1560 1966 Turcortun
1605 1942 1609 1954 .

276 1997 327 2072 libi
348 1994 491 2068 aditmxit
512 1989 641 2062 auxilia.
665 1993 722 2089 qui
745 1983 867 2088 saepius
893 2015 971 2060 cum
994 1992 1113 2062 Seruiis
1139 1987 1298 2089 congressi
1323 1989 1475 2088 proelio,
1499 2017 1559 2067 eor

213 2113 217 2122 '
277 2095 403 2172 rladibus
427 2087 631 2175 affecerunt,
655 2111 688 2164 et
712 2095 750 2177 ‚iu
770 2116 888 2164 eorum
913 2111 1032 2162 terram
1057 2089 1299 2164 excursionibus
1331 2087 1451 2176 faor,
1485 2119 1560 2170 eam

278 2206 493 2300 (quamquam
514 2191 550 2266 id
576 2198 849 2276 Cautacuzenus,
875 2210 1035 2292 quantum
1066 2191 1202 2292 quidem
1233 2197 1362 2292 potuit,
1396 2193 1557 2293 impedire

277 2304 315 2377 ob
338 2322 482 2375 veterum
506 2294 743 2369 beneficiorum
769 2300 967 2368 memoriam
993 2296 1194 2390 conaretur)
1210 2291 1346 2394 pellune
1365 2293 1558 2370 afflixerunt.

275 2402 341 2478 lost
364 2405 558 2475 Tuscorum
581 2416 692 2469 autem
716 2390 884 2468 discess'um
909 2392 1023 2468 Crales-
1043 2397 1277 2468 Romanorum
1311 2394 1394 2469 fines
1427 2397 1557 2472 liberius

278 2499 443 2584 incursans,
467 2494 696 2581 Theffaliam,
721 2503 939 2576 Acamauiam
965 2515 998 2568 et
1022 2492 1369 2576 Macedoniam,.vna
1385 2495 1561 2572 Thess'alo·

277 2613 340 2679 nica
363 2620 523 2702 excepta,
548 2596 730 2675 vniuersarn
755 2597 870 2694 ditioni
893 2593 968 2670 luae
990 2593 1116 2670 adiecit
1165 2601 1227 2670 His
1249 2593 1437 2672 success'ibus
1458 2599 1557 2674 elatus
1633 2653 1637 2670 ,

279 2709 467 2806 Steplimus,
489 2705 695 2802 imperatoris
718 2700 813 2774 titulo
838 2695 970 2792 sumto,
995 2717 1028 2772 et
1045 2698 1115 2772 filio
1130 2697 1453 2795 Cralerenunciato,
1477 2703 1558 2774 huie

278 2815 411 2909 regiones
435 2834 455 2878 a
477 2809 575 2879 Ionio
600 2801 674 2906 finu
699 2823 732 2875 et
756 2803 837 2876 Istro
862 2801 1003 2876 flumine
1026 2798 1069 2872 ad
1092 2804 1294 2900 Scopiorum
1319 2803 1434 2876 vrbem
1453 2829 1557 2903 usque

278 2913 423 2990 attribuit,
449 2905 510 2979 fibi
533 2930 614 2979 vero
640 2907 807 2978 Romanas
829 2905 922 2978 vrbes
949 2927 983 2980 et
1004 2906 1184 3003 regiones,
1219 2907 1379 2980 Romanis
1411 2904 1559 2982 institutis

275 3007 444 3114 regendas,
470 3005 518 3081 ati
539 3005 828 3106 Christopolitanas
854 3001 962 3078 fauces
989 3031 1091 3106 usque
1112 2999 1295 3082 resemauit.
1528 3032 1532 3038 ’

366 3174 491 3224 carna
517 3151 649 3239 interim
673 3151 737 3224 ΟΡ.
762 3145 814 3243 [a
839 3149 878 3221 C.
904 3145 1016 3239 1347.]
1043 3150 1308 3233 Cantacuzenus,
1342 3147 1419 3224 cuin
1434 3177 1452 3225 a
1466 3149 1555 3228 bellit

280 3247 405 3327 ciuilibus
417 3251 500 3324 liber
512 3246 612 3340 effet3
636 3247 681 3322 ad
693 3250 847 3330 Cralem,
872 3266 924 3329 vt,
937 3273 1019 3348 ,quas
1034 3246 1119 3321 bello
1133 3247 1270 3325 durante
1284 3259 1469 3354 occuparit,
1487 3251 1557 3330 Ro·

276 3378 373 3425 manas
382 3354 476 3427 vrbes
487 3379 526 3424 ac
536 3354 710 3451 regiones,
737 3352 894 3450 expertis
906 3369 1000 3422 antea
1011 3353 1114 3431 initia,
1135 3339 1329 3436 restitueret,
1344 3353 1557 3454 pullulatum,

276 3451 384 3553 legatos
396 3451 504 3540 milit,
546 3455 670 3542 Quibus
694 3479 772 3525 cum
796 3450 911 3524 Crales
931 3447 1015 3524 adeo
1039 3475 1112 3523 uon
1135 3453 1397 3553 obtemperaret,
1423 3471 1459 3530 vt
1483 3455 1557 3529 alias

278 3560 362 3628 etiam
392 3550 504 3654 vrbe}
517 3549 718 3654 occuparet:
752 3551 1018 3647 Cautacuzehps,
1045 3548 1166 3626 adscitis
1192 3558 1386 3644 Turcorum
1412 3558 1557 3642 auxiliis,

278 3679 377 3730 contra
400 3643 495 3731 eum‘
506 3655 673 3756 proserius
697 3654 753 3729 erc
802 3659 921 3754 quue
945 3649 1201 3741 Thell‘alonica,
1233 3683 1334 3757 quarn
1358 3661 1472 3732 vrbem
1500 3660 1558 3732 ob·

277 3755 405 3841 fidebat,
431 3749 587 3856 repiilso,
614 3760 829 3839 Berrhoeam,
854 3751 1005 3828 Edessam
1017 3753 1154 3854 aliasque
1168 3757 1259 3832 vrbes
1273 3763 1417 3859 recepit:
1442 3763 1558 3834 Semiit

277 3885 346 3931 vero
376 3859 539 3953 (castello
574 3864 611 3930 in
637 3853 917 3936 Thessaloniceufi
954 3863 1150 3958 prouincia)
1186 3855 1301 3934 frustra
1338 3868 1557 3964 oppugnatis,

277 3961 465 4034 berhoeam
487 3957 593 4034 rediit.
1074 4004 1076 4009 ·

367 4124 467 4172 nanc
494 4097 578 4173 dum
603 4102 647 4173 ita
670 4120 836 4201 aguntm,
860 4097 1013 4174 e-multis
1028 4102 1230 4175 ,Sentiom'm
1253 4104 1406 4190 vrbibus,
1431 4107 1559 4202 Scopiir

278 4193 371 4284 adeo,
389 4227 481 4300 ,quae
507 4179 609 4274 erilis
632 4203 721 4303 regia
747 4199 959 4300 erat,'ips1s,
986 4217 1019 4274 et
1032 4228 1062 4286 ‚a
1087 4203 1230 4302 pluribus
1247 4212 1352 4307 gentis
1370 4208 1558 4306 proceribus
1635 4236 1639 4242 ’

276 4295 312 4370 ad
333 4306 598 4377 Cautamzenutn
624 4311 806 4389 venerunt,
838 4298 971 4406 quide
1002 4299 1168 4378 deditione
1202 4333 1279 4380 cum
1312 4303 1382 4406 ipso
1403 4291 1558 4407 'agerent

276 4403 448 4504 Imperator
468 4409 600 4506 itaque,
624 4431 749 4508 magno
773 4423 965 4504 comparato
988 4411 1156 4489 exercitu,
1186 4427 1220 4480 et
1244 4411 1443 4483 Turcorum
1456 4406 1560 4481 aduo-

229 4539 234 4555 ·
279 4511 344 4576 atis
365 4505 515 4590 auxiliis,
536 4533 615 4580 cum
639 4507 885 4610 expeditionem
908 4500 1101 4604 susciperet:
1126 4506 1235 4581 Crales
1262 4505 1560 4610 quoquecumsuir

277 4612 369 4706 oopiis
392 4603 663 4685 Tlieffaloaicam
678 4609 863 4685 'contendit
913 4611 971 4708 qui
994 4610 1113 4682 viribus
1137 4606 1397 4698 diffidenssuis,
1424 4611 1466 4686 de
1478 4633 1561 4711 pace

277 4703 316 4776 ad
338 4713 604 4785 Cautacuzentrm
626 4712 749 4815 legatos
774 4711 884 4794 misit,
910 4735 1077 4812 eumque,
1103 4730 1140 4784 vt
1164 4736 1277 4786 coram
1302 4708 1412 4788 secum
1446 4709 1487 4786 de
1512 4737 1562 4786 re·

278 4806 328 4879 bus
352 4809 569 4886 controuersn
594 4839 672 4888 oom
697 4811 835 4889 oneudis
859 4837 955 4912 agere
979 4810 1098 4896 vellet,
1123 4817 1261 4906 rogauit.
1285 4899 1288 4904 ,
1314 4811 1368 4890 Ad
1387 4809 1560 4889 Thess'alo·

277 4935 376 4984 nicam
399 4921 509 5015 itaque
533 4940 636 5018 progr
715 4917 839 5000 ambo,
864 4921 901 4985 in
933 4913 1020 4986 collo
1043 4919 1136 4986 uium
1169 4937 1336 4991 venerunt.
1385 4919 1451 4991 Vbi
1482 4941 1563 4992 cum
1644 4913 1689 5006 ,⁵

277 5011 371 5086 multa
393 5020 625 5118 luteamque
649 5039 775 5119 partem
801 5013 957 5116 disputata
1027 5006 1282 5103 entr'tandeni,
1307 5037 1515 5120 proponente
1526 5013 1562 5096 td

277 5114 484 5212 imperatore,
509 5124 553 5192 ita
576 5125 740 5195 intereos
764 5123 944 5207 conuenit3
968 5137 1004 5192 vt
1030 5119 1176 5192 Romani
1195 5125 1432 5206 Acarnaniam,
1456 5111 1564 5218 'l'hess

277 5206 398 5306 lebam,
424 5220 775 5318 Senia-(castellum)
800 5241 832 5296 et
855 5221 1020 5422 intrhhas
1050 5217 1092 5294 ad
1116 5246 1208 5328 mare
1232 5221 1446 5326 litas-ubet,
1482 5205 1564 5396 liet.
1599 5266 1603 5276 =

392 5337 395 5345 ’
582 5394 587 5402 ,
1340 5391 1342 5399 .
1465 5345 1483 5400 Ῐ
1508 5343 1564 5397 00¹
