4642 6992
720 1275 724 1283 ·
815 1222 1021 1313 ⁸1th
1044 1226 1150 1312 m&
1206 1225 1211 1244 ’
1569 1242 1626 1333 ιςῑ

1627 1336 1708 1422 Imp.
1738 1351 1805 1402 am·

864 1460 891 1508 ²
919 1442 1067 1522 01332.
1140 1410 1142 1417 .
1535 1459 1539 1465 ·
1629 1438 1791 1493 onource

286 1568 380 1677 qnasi
404 1566 484 1647 nilus
510 1563 690 1666 contigisset
716 1568 823 1651 noui,
851 1564 1104 1642 constantissimo
1130 1562 1240 1669 spiritu
1264 1588 1341 1642 eum
1366 1566 1511 1656 hostibru
1538 1514 1695 1647 can-Iun.
1784 1532 1790 1540 .

283 1674 474 1756 currislent,
501 1666 728 1765 compulsique
750 1668 861 1767 possea
887 1674 925 1741 ab
951 1666 1136 1743 instantium
1164 1676 1316 1748 cateruis,
1342 1676 1384 1745 ita
1407 1670 1612 1754 recessissent,

280 1798 413 1851 utnon
439 1772 549 1872 fugam
575 1766 775 1867 specsarent3
802 1768 855 1843 sed
881 1772 1031 1843 abeuntes
1057 1765 1090 1843 se
1116 1768 1349 1846 defenderent:
1374 1773 1465 1874 quod
1489 1774 1547 1847 illis
1567 1769 1610 1849 ad

281 1873 415 1952 salutem
443 1872 515 1945 sane
542 1898 639 1971 quarn
666 1866 841 1966 profuisset.
893 1876 936 1946 Et
961 1868 1153 1943 asseuerabat
1177 1871 1383 1956 Alexander,
1409 1871 1611 1951 sacramento

280 1975 421 2058 addito,
448 1974 474 2047 si
500 1970 606 2044 adhuc
631 1966 853 2069 aliquantisper
877 1976 912 2043 in
937 1998 978 2045 eo
1005 1970 1084 2043 slatu
1110 2000 1160 2044 res
1185 1971 1343 2057 durasset,
1369 2004 1432 2049 nec
1460 1974 1613 2077 fugissent

280 2081 450 2159 Romani,
479 2068 619 2145 susliueri
645 2073 714 2143 non
739 2069 900 2171 puniisse:
924 2068 978 2144 sed
1004 2069 1138 2145 Moesos
1164 2100 1280 2149 eorum
1312 2082 1428 2149 virtute
1462 2106 1499 2150 ac
1530 2079 1618 2151 tole·¹

279 2184 403 2254 tantia,
429 2180 665 2277 praecipueque
691 2177 913 2271 imperatoris,
939 2178 1114 2257 attonitos,
1147 2166 1263 2275 fugam
1294 2198 1474 2277 arrepturos
1506 2170 1609 2252 fuisses

160 2310 161 2313 ¹
281 2283 378 2354 Haec
403 2299 436 2351 et
459 2277 516 2346 alia
541 2296 611 2348 toto
638 2273 690 2345 die
717 2274 885 2374 colloquiis
908 2282 1079 2373 agitantes,
1106 2276 1145 2347 ad
1172 2272 1335 2375 vesperam
1362 2284 1445 2351 inter
1468 2275 1500 2350 se
1526 2274 1633 2351 vase?
1681 2318 1686 2324 ·

279 2378 441 2453 dixerunt.
491 2384 533 2449 Et
558 2374 742 2449 Alexander
768 2375 900 2475 quidem
926 2382 959 2447 in
985 2403 1128 2475 regnum
1153 2372 1246 2449 suum
1281 2374 1439 2463 discedit,
1472 2385 1611 2477 impera·

160 2518 161 2521 ¹
278 2500 335 2554 tor
360 2474 565 2555 Rhosocaslri
593 2476 700 2548 diebus
726 2474 849 2577 aliquot
875 2500 1044 2563 moratus,
1068 2477 1349 2573 Didymotichum
1371 2476 1465 2575 ‚inde
1499 2476 1615 2580 profe·

160 2586 163 2625 ²
280 2586 375 2667 uus,
399 2580 535 2657 militem
561 2576 683 2653 dimisa
706 2578 751 2648 θ).

879 2680 909 2775 §-
935 2702 1014 2769 aas·

841 2803 869 2849 a.
897 2783 935 2851 C.
963 2806 1049 2873 1339.

391 2896 512 2987 tauro
541 2910 613 3011 posi
642 2910 768 3011 [quam
796 2912 975 2983 Acarnania
1001 2930 1033 2985 et
1059 2909 1224 2987 Thessalia
1251 2937 1328 2986 cum
1354 2908 1480 3013 reliquo
1505 2912 1695 3014 impe-37⁴2

187 3039 199 3053 ·
276 3020 330 3090 rio
355 3013 512 3087 Romano
538 3012 647 3086 denuo
674 3008 874 3085 consociatae
898 3006 992 3105 sunt]
1018 3010 1257 3115 Adrianopolin
1281 3010 1315 3085 se
1344 3016 1480 3089 contulit
1511 3019 1607 3111 [An-

160 3129 162 3167 ³
275 3116 433 3189 dronicus
445 3118 618 3204 ,iunior],
643 3116 697 3188 vbi
721 3110 915 3187 Moesorum
927 3138 984 3185 rex
999 3112 1182 3189 Alexander
1195 3116 1395 3199 verborum,
1420 3142 1501 3216 quae
1514 3121 1607 3191 Rho-

273 3216 404 3291 socaslri
430 3214 470 3287 ad
495 3243 573 3289 eum
597 3210 691 3313 super
718 3214 869 3287 affinitate
884 3210 1072 3299 ¹habuisset,
1098 3221 1296 3291 memoriani
1328 3221 1355 3287 ei
1390 3244 1451 3316 per
1482 3220 1607 3319 legatos

161 3336 162 3339 ’
200 3344 222 3363 ·’
272 3320 528 3419 redintegrauit:
554 3322 742 3415 certiorque
759 3314 829 3386 fieri
852 3312 977 3399 voluit,
1003 3317 1122 3417 ecquid
1147 3323 1216 3392 hoc
1234 3322 1480 3391 matrimonium
1494 3324 1525 3391 ei
1536 3347 1608 3393 cor-

275 3416 314 3491 di
341 3416 425 3493 esset.
475 3422 608 3519 Legatio
633 3419 714 3489 haee
740 3420 926 3515 imperatori
950 3444 1067 3514 parum
1094 3418 1233 3494 iuctrnda
1256 3418 1338 3491 fuit:
1361 3403 1462 3492 sliam
1489 3424 1618 3520 quippe

272 3516 368 3593 suam
395 3520 488 3616 domi
513 3524 674 3601 retinere,
701 3544 800 3617 quam
825 3516 999 3589 Alexandri
1032 3518 1102 3597 filio
1139 3528 1174 3595 in
1207 3526 1479 3594 communionem
1518 3525 1611 3593 thori
1667 3588 1673 3601 ,
1796 3586 1802 3594 .

160 3644 163 3649 ·
239 3616 243 3619 ’
272 3619 404 3696 tradere
428 3618 608 3694 maluisset:
633 3646 709 3691 erun
734 3614 846 3701 sciret,
871 3618 1022 3716 puellae,
1047 3622 1191 3697 moribus
1216 3651 1254 3695 ac
1277 3622 1400 3720 legibus
1426 3626 1554 3696 Graecia
1573 3640 1608 3696 et

162 3746 165 3749 ·
271 3726 490 3821 imperatoriis
518 3722 692 3803 educatae,
719 3718 909 3793 connisinm
934 3720 1144 3797 barbarorum
1171 3721 1392 3797 deledlabilern
1422 3750 1493 3795 non
1519 3720 1607 3795 futu·

272 3848 364 3897 turn.
413 3821 547 3895 Tamen
572 3848 624 3893 eas
650 3816 774 3917 nuptias
801 3824 973 3893 Romanae
996 3816 1197 3921 'reipublicae
1229 3822 1492 3898 commodaturus
1526 3824 1608 3896 arbi-

160 3950 165 3957 ·
273 3942 400 4005 tratur,
424 3930 583 4025 uirginem
609 3917 701 3993 suam
725 3916 905 4019 despondit.
956 3928 1089 4024 Legati,
1115 3920 1206 4027 quod
1232 3931 1421 4023 imperatori
1446 3924 1610 4001 affinitatb

160 4058 163 4093 ι
275 4026 545 4111 eoniundlionenr
570 4018 761 4121 persuadere
782 4018 977 4119 pomissent,
1003 4024 1124 4125 gaudio
1153 4026 1284 4101 delibuti
1297 4024 1513 4101 recesserunt:
1537 4022 1608 4129 ipse

273 4128 474 4221 Byzantium
498 4124 581 4201 filiae
607 4128 736 4225 nuptias
761 4120 972 4198 adornaturus
997 4124 1103 4201 rediit.
1728 4133 1730 4138 ’

381 4365 428 4458 η)
453 4364 632 4460 Imperator
655 4360 752 4463 rebus
775 4262 1004 4433 omasum
1020 4364 1108 4438 filiae
1129 4367 1258 4464 nuptias
1279 4368 1473 4465 praeparatis
1500 4381 1533 4435 et
1554 4365 1607 4435 in·¹

794 4466 1084 4563 Pressa
1479 4464 1611 4537 sess·

322 4592 367 4659 a)
388 4596 634 4648 uiceruoavs:
660 4582 845 4667 imperator,
866 4603 934 4647 cam
966 4584 1094 4651 Damna
1122 4606 1221 4649 uxore
1249 4586 1475 4670 Aurienopottn
1499 4591 1626 4675 presse·-

317 4702 364 4781 ε)
384 4702 537 4765 Bessorum
561 4702 705 4783 Belgaros
721 4707 798 4765 inter
816 4718 843 4765 et
858 4704 918 4762 Ro·
958 4706 1023 4791 fit,
1049 4708 1192 4791 quamuis
1213 4706 1297 4769 illias
1320 4705 1441 4769 massus
1461 4706 1552 4771 arbas
1565 4727 1604 4772 ac

160 4854 162 4863 „
277 4809 382 4852 nanos
407 4792 557 4867 gestorum
584 4791 721 4852 meminit
742 4791 835 4851 adhuc
865 4791 916 4851 Ni.
963 4794 1139 4874 prouincias
1178 4794 1309 4855 mattam
1358 4793 1424 4855 ium
1469 4804 1603 4858 vexatae

160 4958 161 4961 Ἴ
276 4872 425 4957 &ephorus
469 4881 616 4953 Gregoras
652 4878 695 4938 Τ.
736 4882 759 4938 s.
798 4896 826 4957 p.
863 4892 915 4945 322
966 4874 1332 4963 erant-incttrflmsibtts
1366 4876 1501 4958 aesna,
1532 4879 1603 4945 biatu

276 4962 498 5046 [Andronicus
533 4966 638 5023 iunior
675 4966 706 5023 in
750 4961 916 5033 societatem
969 4965 1162 5041 Tmen,
1186 4964 1263 5027 illinc
1283 4962 1505 5044 Balgarorum.

160 5078 161 5095 ÷
274 5042 350 5109 belli
370 5050 494 5109 Terreici
519 5070 585 5112 rum
609 5052 718 5110 Latinis
731 5048 832 5109 uenire
848 5070 914 5109 coa·
1008 5068 1073 5135 374.
1112 5066 1404 5113 cANTAcszst
1442 5050 1484 5112 T.
1515 5052 1537 5111 t.
1569 5069 1607 5135 p.

277 5134 377 5217 Aua]
398 5134 584 5198 tributorum
600 5134 757 5198 exosiores
771 5138 802 5198 in
816 5132 917 5199 tura.
964 5152 1029 5220 ³⁰7·
1054 5138 1178 5226 Nigeyh
1202 5140 1293 5220 ρας,
1318 5137 1407 5201 M
1436 5155 1465 5219 P·
1489 5151 1553 5215 33¹1·

275 5220 361 5301 ,Μ
384 5230 414 5291 et
440 5219 656 5315 Macedoniam
679 5222 792 5311 statim
822 5220 917 5291 duni-
1152 5274 1158 5283 .
1330 5273 1334 5281 .
1430 5258 1433 5265 -

1304 5546 1308 5554 ’
1364 5539 1430 5656 s
