4642 6992
728 1240 829 1337 '346
880 1250 883 1254 ’
962 1278 984 1352 g
1207 1196 1623 1317 sEthcotsvlt

548 1355 630 1445 Imp.
650 1365 772 1415 tonan
796 1350 803 1361 '

464 1481 467 1485 -
544 1456 598 1526 ¹sar
621 1441 692 1510 Par.

1305 1468 1333 1516 a.
1356 1446 1395 1517 C.
1422 1466 1503 1539 1357.

1332 1612 1364 1709 §-
1391 1614 1461 1700 276·

775 1764 788 1776 ¹·
867 1743 1051 1837 Imperator
1076 1761 1154 1810 cnm
1179 1728 1311 1813 venisset
1321 1738 1499 1837 Philippos¹
1514 1730 1599 1811 solus
1613 1732 1631 1817 ,'
1651 1752 1683 1807 et
1695 1732 1863 1809 tranlitum
1888 1730 2043 1811 obsessiun

762 1834 995 1935 conspexisset,
1029 1845 1152 1939 nitique
1190 1861 1302 1915 contra
1328 1858 1395 1913 tam
1428 1836 1549 1911 multos
1583 1862 1654 1909 non
1687 1833 1813 1935 poffet,
1849 1864 1933 1923 nec,
1971 1839 2045 1938 quid

760 1942 876 2013 melius
900 1961 1029 2041 ageret,
1054 1942 1210 2027 haberet,
1234 1946 1270 2015 in
1296 1938 1473 2043 paludem,
1525 1964 1565 2011 ua
1587 1936 1726 2037 plurima
1752 1937 1900 2023 arundo,
1932 1936 2045 2041 ingres·

758 2037 810 2113 sus
838 2043 906 2123 est,
931 2042 1030 2115 latere
1054 2037 1086 2115 l'e
1108 2039 1203 2142 ¹poll'e
1228 2046 1384 2126 credens,
1412 1964 1523 2143 quoad
1546 2066 1615 2142 nott¹
1643 2035 1829 2137 appetiilset,
1878 2044 1974 2114 Cum'
1997 2070 2046 2115 au-

759 2163 828 2214 tern
853 2144 991 2243 palustre
1016 2153 1158 2216 coenum
1187 2152 1261 2245 equi
1289 2144 1422 2244 vngulae
1455 2169 1524 2215 nou
1552 2136 1736 2225 sustineret,
1774 2162 1806 2213 et
1831 2142 1961 2223 infixas?
1979 2148 2045 2215 reti-

757 2263 872 2326 neret,
899 2241 1083 2328 descendit,
1116 2242 1245 2347 seseque
1272 2246 1421 2320 occuluit.
1472 2237 1689 2341 Philippenses
1720 2269 1823 2341 porro
1854 2241 2043 2317 incursantes

757 2348 963 2437 (nonenim
997 2348 1212 2446 ignorabant,
1231 2354 1303 2448 'qui
1339 2344 1436 2433 effes,
1471 2342 1562 2444 quod
1589 2347 1729 2417 Gacoras
1761 2340 1893 2443 quidam
1927 2344 1971 2419 de
2002 2344 2044 2417 sa·
2086 2364 2089 2369 '

755 2445 966 2539 tanhaeim,
992 2475 1032 2520 ex
1060 2448 1192 2522 vulnere
1220 2448 1307 2549 apud
1333 2445 1416 2549 ipsos
1441 2445 1660 2527 decumbens,
1686 2450 1868 2519 etiamuita
1882 2446 2043 2529 deficiens,

658 2612 660 2615 Α
749 2545 873 2646 procul
897 2529 1009 2647 ipsutn⁸
1031 2546 1233 2722 apnouisset,
1265 2554 1556 2648 etimperatorem
1582 2542 1667 2628 esse,
1699 2552 1755 2644 qui
1787 2554 1950 2633 veniret,
1968 2554 2042 2621 citra

755 2646 999 2722 haesitationem
1065 2648 1196 2745 ixillet)
1230 2675 1269 2725 et
1301 2650 1436 2751 virgulta
1476 2650 1604 2720 canibus
1645 2642 1815 2748 diligenter
1836 2645 2041 2731 ,scrutantes,

755 2777 833 2822 etun
866 2770 1042 2848 ceperunt,
1075 2773 1171 2851 atque
1202 2756 1236 2823 in
1268 2754 1381 2825 vrbem
1419 2746 1677 2823 introduxerunt.
1725 2752 1911 2823 Matthaeus
1950 2757 2043 2852 igiurr

756 2857 936 2948 imperator
960 2878 1002 2924 eo
1028 2853 1175 2927 redac‘lus
1200 2848 1244 2925 est
1273 2849 1486 2936 infelicitatis,
1518 2872 1550 2923 et
1575 2849 1684 2921 talibus
1719 2846 1854 2923 afflidlus
1888 2851 1933 2924 est
1970 2852 2061 2925 cala-¹

756 2954 938 3047 unitatibus,
971 2952 1069 3047 nullo⁴
1089 2980 1205 3027 eorum
1230 2950 1389 3052 inferior,
1422 2979 1503 3052 quus
1530 2950 1650 3024 bellum
1673 2948 1813 3022 reddidit
1835 2949 2038 3027 miserrimos.

866 3056 1024 3127 Boichnas
1057 3051 1196 3147 Caesar,
1233 3078 1273 3129 vt
1304 3084 1380 3130 eum
1407 3054 1560 3153 Philippis
1585 3051 1735 3126 custodiri
1759 3050 1900 3127 audiuit:
1932 3056 2042 3153 poliri·

755 3150 809 3226 die
833 3163 1004 3253 acceptum
1030 3154 1182 3229 domum
1205 3154 1295 3229 suam
1320 3161 1479 3230 Drauram
1505 3152 1656 3237 abducit,
1688 3152 1827 3253 prouide
1859 3154 2042 3230 admodum

756 3274 789 3327 et
814 3255 1000 3349 honorilice
1024 3256 1114 3329 illurn
1139 3258 1260 3342 habet,
1285 3254 1358 3349 ‘et‘,
1386 3278 1421 3332 vt
1446 3255 1613 3357 diligenter
1630 3253 1823 3340 afferuetnr,
1848 3254 2042 3357 perstudiose

650 3409 652 3412 -
702 3392 710 3402 ν
755 3378 847 3430 certat
861 3355 911 3440 a),
935 3365 1148 3455 promittens,
1184 3358 1209 3431 fi
1242 3358 1280 3431 lit
1312 3386 1409 3457 penes
1437 3354 1492 3435 se,
1525 3363 1559 3428 in
1591 3361 1794 3455 prouinciam
1827 3356 2041 3436 rerniss‘nrum.

752 3455 962 3531 Formidabat
986 3466 1128 3542 etenim,
1166 3488 1208 3532 ne
1222 3459 1375 3533 Cralaena
1386 3455 1443 3531 fibi
1457 3452 1697 3541 aduersas-etur,
1722 3456 1962 3561 postularetque
1975 3468 2039 3534 iure

665 3642 671 3653 Ι
752 3554 836 3641 suo,
863 3580 898 3633 vt
923 3560 995 3632 belli
1021 3559 1189 3659 quoddam
1213 3557 1353 3660 spolium
1382 3560 1468 3659 apud
1492 3557 1523 3631 se
1549 3566 1780 3657 imperatorem
1805 3563 1932 3635 habere.
1974 3560 2036 3635 ‘Id-

651 3792 706 3859 233

655 3672 660 3683 ‘
753 3686 795 3732 eo
823 3666 1067 3759 quamprimum
1099 3664 1138 3734 ab
1168 3688 1204 3733 ea
1239 3657 1461 3759 deposcendus
1494 3658 1728 3749 videbatur),
1758 3657 1854 3735 fimul
1906 3662 1976 3737 nod
2003 3664 2038 3734 ab

707 3826 715 3843 ,
751 3774 793 3833 eo
805 3766 992 3934 ¹pecuniam
1017 3758 1181 3861 sperabat,
1207 3784 1239 3835 et
1265 3762 1465 3834 constantem
1492 3766 1634 3834 amicum
1654 3756 1758 3843 fore,
1790 3784 1847 3846 vt,
1881 3690 1905 3836 l

1896 3792 1906 3837 1
1958 3791 2069 3837 norav

748 3889 854 3935 rurus
877 3859 1094 3962 aggredienda
1120 3860 1254 3946 forent,
1281 3884 1431 3962 potenter
1456 3864 1495 3934 ab
1521 3890 1562 3936 eo
1589 3860 1799 3935 adituraretur.
1847 3794 1956 3965 Capti
1975 3868 2039 3939 hoc

749 3962 886 4036 ‘consilio
912 3965 1028 4035 Pheras
1059 3991 1259 4062 properans,
1293 3966 1412 4037 morbo
1442 3970 1477 4037 in
1502 3954 1615 4036 itinere
1645 3962 1840 4062 implicitus,
1873 3972 1979 4067 quinis
2009 3986 2039 4039 et
2105 4032 2112 4056 ,

750 4069 870 4139 vicenis
894 4062 1005 4137 diebus
1029 4066 1245 4140 imbecillitate
1273 4070 1419 4167 corporis
1443 4062 1704 4167 impediendi,
1729 4090 1771 4138 ne
1787 4092 1828 4139 eo
1846 4072 2035 4167 perueniret.

1336 4235 1369 4331 l·
1393 4258 1459 4325 277·

857 4364 872 4455 [
880 4367 1065 4461 Imperator
1088 4366 1225 4436 loannes
1249 4357 1481 4461 Palaeologus,
1507 4358 1547 4431 de
1566 4361 1723 4432 Matthaei
1748 4355 1835 4434 sone
1860 4368 1979 4439 certior
1997 4360 2036 4431 la-

748 4464 863 4557 dius,]
888 4464 1086 4562 legationem
1111 4458 1152 4532 ad
1178 4464 1380 4548 Boichnam,
1408 4468 1474 4535 iarn
1498 4464 1608 4533 Pheris
1634 4458 1848 4540 redeuntem,
1874 4472 1973 4538 ‘cunr
1994 4458 2036 4533 fa-

747 4563 867 4636 cultate'
886 4570 920 4635 in
946 4565 1174 4642 Matthaeurn,
1200 4582 1234 4635 vt
1259 4549 1393 4645 liberet,
1418 4562 1562 4663 agendis
1571 4564 1603 4643 l,
1630 4558 1744 4648 milit:
1780 4561 1885 4636 addita
1915 4565 2035 4665 pollici·

744 4669 866 4739 tatione
889 4664 1086 4737 immodicae
1112 4667 1290 4764 pecuniae,
1323 4661 1348 4735 fi
1381 4662 1474 4737 illum
1505 4662 1563 4735 fibi
1597 4664 1744 4743 viridum
1778 4663 1926 4740 traderet.
1976 4670 2035 4738 130-

1724 4771 1739 4791 '
1929 4770 2036 4838 ichnau

794 4868 987 4967 ἄλφρεξες
1001 4858 1214 4950 dee'atrcnoev
1228 4861 1368 4963 ἅγρυπ-
1457 4884 1512 4935 233.
1534 4865 1575 4972 Id.
1598 4864 1668 4926 ibi’.
1692 4886 1720 4949 p.
1744 4878 1805 4939 892.

743 4974 834 5058 νεὶ)
875 4996 933 5059 καφ
979 4996 1105 5043 maroam
1152 4958 1367 5045 tueleavvro
1452 4954 1487 5047 f
1489 4958 1503 5041 l
1536 4942 1656 5028 alfia?
1700 4979 1869 5047 Τυχοντα
1911 4950 1958 5027 tif
1995 4982 2035 5026 τι·

743 5059 884 5161 crtedm·
903 5096 982 5167 περι
1007 5097 1069 5155 την
1097 5080 1301 5163 Quaeras«
1377 5068 1384 5073 ’
1417 5048 1565 5154 >tendat
1592 5049 1647 5127 ὅτι
1672 5050 1824 5139 &hatra
1852 5084 1905 5161 τῳ
1932 5050 2035 5143 βασι·
2071 5060 2076 5073 ’

633 5178 636 5183 ’
727 5174 834 5262 je)
861 5160 906 5245 dra
932 5162 969 5255 ln
993 5160 1198 5252 idouetfasesv
1217 5165 1365 5255 ἔπ’ἒκει·
1415 5171 1470 5234 λθ
1497 5152 1697 5261 MWSWP·
1844 5168 1849 5179 “

740 5300 794 5361 νην
821 5298 970 5367 saxiae
995 5264 1269 5372 ἕξοατησομενον.
