4642 6992
736 1219 811 1296 lt!
1144 1247 1148 1252 ·
1203 1200 1595 1283 tvnntntvtn

756 1433 822 1509 pro
846 1431 885 1496 ea
909 1386 1138 1481 intercedente
1180 1408 1282 1480 Breua
1304 1401 1475 1478 intercessit
1500 1423 1628 1502 tempus
1636 1453 1650 1486 „
1675 1425 1751 1474 eunt
1765 1346 2049 1479 Vulcuaffratren

758 1512 988 1610 Stephanum,
1014 1505 1061 1580 de'
1078 1511 1259 1606 principatu
1285 1503 1510 1589 deturbantm,
1537 1508 1637 1604 patria
1661 1500 1818 1577 excedere
1846 1504 1965 1602 codgit.

766 1677 769 1680 ,
864 1635 1165 1705 ovithaumrn
1192 1613 1318 1682 circiter
1342 1611 1432 1678 annis
1450 1605 1524 1704 posl
1543 1607 1596 1700 [a.
1622 1605 1662 1677 C.
1690 1603 1785 1702 1255.]
1812 1610 1866 1706 qni
1880 1627 1958 1676 tunc
1974 1605 2048 1676 Ser·

755 1708 829 1778 uiae
852 1711 1055 1808 imperabat,
1080 1712 1261 1808 Stephanus
1291 1704 1393 1779 Vrelis
1421 1733 1498 1778 curu
1523 1707 1615 1778 variis
1641 1709 1705 1777 iam
1729 1705 1909 1779 Romanoa
1926 1695 2048 1796 affecis-

753 1800 804 1878 set
828 1811 969 1897 iniuriis,
997 1817 1132 1910 impune
1155 1837 1273 1888 eorum
1299 1805 1448 1905 diripiens
1474 1809 1678 1906 prouinciae:
1705 1811 1881 1905 imperator
1898 1805 2049 1880 Michael

690 1965 693 1969 .
755 1905 992 2010 Palaeologus,
1016 1931 1053 1985 vt
1073 1913 1132 1983 har
1158 1908 1263 1984 clades
1296 1927 1473 1989 auerteret,
1507 1933 1584 1980 enm
1610 1903 1667 1978 libi
1693 1907 1850 1980 affinitatis
1886 1906 2047 1988 vinculo,

757 2011 854 2081 Anna
880 2009 944 2082 lilia
968 2009 1039 2095 filio
1063 2017 1130 2084 eiua
1152 2015 1319 2086 Me'otino
1344 2002 1521 2106 desponsa,
1545 2013 1680 2106 iungere
1705 2005 1856 2084 decreuit.
1907 2013 1977 2080 lam
2004 2007 2048 2080 le·

757 2115 850 2207 gati,
874 2116 931 2210 qui
956 2116 1116 2212 virginem
1143 2117 1178 2184 iu
1204 2109 1350 2185 Seiniam
1373 2105 1590 2192 deducerent,
1625 2113 1760 2182 loannes
1786 2117 1969 2200 Veccnset
1994 2109 2047 2190 alii
2094 2128 2095 2131 ’

757 2212 973 2286 mittebantur.
1022 2216 1069 2286 Hi
1094 2239 1172 2284 cum
1199 2213 1384 2311 imperatori
1407 2215 1441 2282 in
1467 2235 1530 2293 eo,
1564 2203 1655 2310 qnod
1681 2231 1777 2380 caput
1800 2213 1846 2283 rei
1870 2229 1957 2290 erat,
1988 2209 2049 2280 fili·

760 2329 820 2382 um
844 2317 999 2385 uiminnn
1027 2313 1128 2386 Cralis
1159 2308 1213 2385 sen
1239 2315 1345 2410 regis,
1373 2317 1424 2383 cui
1455 2309 1566 2400 filiun,
1588 2305 1677 2382 suam
1733 2307 1912 2408 espondere
1943 2316 2050 2408 impe·
2156 2327 2157 2340 ¹

759 2430 849 2484 rator
872 2412 1022 2495 uolebat,
1047 2413 1123 2487 licet
1146 2433 1224 2485 natu
1245 2418 1434 2492 minorem,
1459 2415 1541 2509 patri
1563 2413 1598 2480 in
1612 2435 1716 2511 regno
1731 2407 1970 2494 successurum,
1997 2407 2047 2482 fn-

761 2537 839 2584 eum
864 2510 927 2586 else
951 2510 1075 2588 sodium
1101 2513 1335 2614 intelligerent,
1362 2531 1393 2584 ct
1426 2511 1518 2584 rebtu
1551 2531 1715 2610 praetcrea
1749 2511 1930 2587 domesticis
1962 2517 2048 2611 regit

653 2605 658 2614 ’
740 2613 950 2699 ν8333103333
978 2619 1113 2687 curatius
1138 2610 1314 2715 inspedlis,
1340 2615 1530 2712 coniugium
1556 2608 1638 2684 istud
1670 2611 1734 2686 filia
1768 2618 1972 2712 imperatoria
1999 2618 2046 2683 in·

759 2709 897 2812 dignum
923 2713 986 2788 else
1019 2717 1266 2805 arbitrarentur3
1302 2740 1338 2784 re
1369 2707 1491 2786 infern
1521 2709 1703 2786 redierunt.¹
1741 2717 1842 2788 Seruii
1873 2739 1985 2796 vero,
2012 2731 2047 2787 vt

687 2823 708 2854 ’·
757 2819 874 2912 prius,
898 2818 1129 2890 Rornanorum
1151 2816 1232 2889 linet
1259 2808 1481 2896 incursurum,
1515 2817 1618 2912 magis
1649 2839 1705 2886 eos
1735 2811 1776 2887 ad
1808 2812 1842 2887 id
1876 2813 1946 2886 inssi
1990 2833 2046 2887 nte

758 2917 950 3000 Coranitza,
974 2922 1055 3017 qui,
1078 2918 1116 2989 ab
1141 2921 1336 3018 imperatore
1360 2909 1523 2990 Michaele
1546 2913 1740 3018 Palaeologo
1754 2911 1937 2991 desedtione
1964 2917 2046 3001 ana,
2156 2971 2157 2974 ,

760 3013 802 3099 ad
825 3044 882 3090 eoa
909 3014 1129 3119 transsitgerat.
1495 3018 1498 3026 '
1695 3053 1702 3070 ν

866 3141 941 3192 nac
975 3124 1047 3193 vice
1071 3146 1193 3192 rerum
1207 3116 1275 3192 fato
1300 3113 1418 3208 fundis
1453 3113 1539 3218 apu'd
1565 3121 1693 3192 Seruios
1719 3115 1851 3218 quidem
1876 3119 2042 3216 Stephano

758 3214 878 3302 Vresi,
904 3217 990 3319 apud
1011 3224 1184 3294 Romanos
1205 3220 1369 3295 Michaele
1389 3218 1606 3319 Palaeologo‘,
1633 3213 1844 3292 successerunt
1876 3223 1910 3292 in
1933 3221 2045 3300 Sentia

757 3321 937 3418 Stephanus
959 3321 1140 3396 Melotinns
1161 3323 1289 3422 [quem
1317 3320 1367 3391 alii
1394 3317 1549 3392 Vrofiutn
1573 3321 1729 3392 Sandlnm
1761 3317 1922 3416 dicunt-J,
1953 3323 2045 3393 Con·

755 3417 964 3520 llantinopoli
988 3421 1203 3496 Andronicus.
1236 3427 1282 3496 Hi
1308 3419 1449 3503 bellum,
1473 3417 1562 3520 quali
1580 3417 1784 3494 hereditatet
1796 3421 2046 3520 patribnrtranr·
2156 3469 2157 3480 r

755 3514 909 3603 miffum,
934 3520 1167 3612 instauramnt3
1193 3521 1385 3597 Andronico
1414 3525 1552 3618 Tataros
1580 3526 1614 3594 in
1638 3524 1851 3606 Serniorum,
1876 3519 2048 3596 Metotino

754 3639 835 3696 vero
860 3625 1067 3714 Cotanitzam
1095 3651 1171 3696 cum
1198 3621 1305 3697 valido
1333 3625 1474 3694 exercitu
1500 3627 1534 3694 in
1559 3625 1790 3696 Romanorum
1817 3622 2044 3695 113εεὶ333333-

755 3740 851 3796 rente.
903 3728 981 3823 Qto
1008 3723 1162 3796 diutumo
1187 3723 1296 3808 bello,
1322 3749 1399 3794 cnm
1423 3748 1474 3793 res
1496 3726 1667 3796 Romanae
1691 3749 1761 3798 non
1777 3720 2042 3822 parumafflidlae

755 3817 874 3896 effeut:
901 3824 1014 3897 Glabas
1034 3823 1286 3908 Contollaulus,
1311 3829 1361 3896 cui
1388 3821 1507 3899 bellum
1532 3827 1700 3898 Sernicnm
1725 3830 1901 3924 imperator
1915 3823 2043 3898 Andro-

753 3927 845 3996 nicus
870 3919 1097 4007 demandarat,
1123 3928 1226 4008 huic,
1249 3943 1287 3998 vt
1311 3929 1387 3996 inita
1413 3951 1502 3996 cum
1515 3924 1617 4022 03313ι
1644 3923 1820 4012 affinitate,
1852 3951 1966 4026 pacem
1994 3953 2040 3996 re-

755 4019 913 4108 dimeret,
940 4022 1147 4100 33610313ιί3.
1194 4029 1318 4126 Legatir
1344 4030 1450 4127 itaque
1475 4023 1691 4099 Andronicus·
1707 4026 1749 4100 ad
1775 4028 1906 4102 Cralem
1934 4025 2041 4110 milsts,
2138 4071 2143 4076 -

753 4122 938 4200 Eudociatn
962 4121 1133 4210 sororem,
1158 4132 1321 4202 Lazorutn
1345 4133 1450 4228 regis,
1476 4153 1580 4224 nuper
1606 4123 1784 4212 defuncti,
1811 4127 1967 4210 viduam,
1994 4132 2042 4220 ei,
2156 4207 2157 4238 ,

752 4224 832 4301 'leet
857 4253 995 4300 exorem
1020 4234 1086 4300 iam
1110 4235 1237 4302 tertiam
1263 4227 1392 4301 haberet
1416 4233 1562 4302 Teneris
1586 4227 1799 4328 Bnlgarornm
1825 4236 1909 4330 regis
1923 4229 2041 4315 liliam,

734 4330 792 4399 -in
817 4332 1063 4401 matrimonium
1090 4329 1214 4402 obtulit.
1264 4324 1493 4403 Lubentiffime
1517 4331 1601 4399 hanc
1612 4327 1740 4404 admisit
1752 4329 1948 4430 legationem
1965 4335 2044 4403 Cra·
2156 4369 2157 4384 π

754 4425 824 4516 les3
848 4455 925 4500 cum
949 4449 1082 4530 propter
1107 4433 1224 4503 hamur
1251 4435 1437 4528 nuptiarum
1463 4427 1693 4527 splendorem,
1717 4449 1787 4504 tum
1813 4421 1947 4531 propter
1973 4459 2042 4516 me,

754 4550 825 4600 tum
851 4553 870 4600 a
892 4525 990 4606 fratre
1015 4551 1092 4605 natu
1118 4537 1243 4604 maiore
1268 4534 1458 4630 Stephano,
1484 4555 1585 4628 quem
1619 4551 1743 4631 praeter
1773 4528 1820 4605 sac
1859 4537 2041 4633 principatu

753 4625 951 4730 spoliauerat
999 4635 1050 4706 Re
1077 4659 1155 4706 reto
1183 4639 1360 4731 imperator
1376 4637 1463 4703 'cum
1489 4629 1636 4705 Endocia
1660 4629 1773 4707 sorore
1785 4639 2040 4723 communicata,
2156 4663 2157 4720 t

755 4756 832 4802 enm
857 4730 943 4804 illam
970 4727 1060 4806 nullo
1086 4731 1191 4806 modo
1217 4731 1380 4806 adducere
1405 4727 1531 4830 posset,
1556 4753 1591 4807 vt
1615 4739 1805 4836 coniugium
1831 4733 2042 4810 illndadmit·

753 4853 855 4904 teret:
881 4829 922 4904 de
945 4832 1114 4906 Simonide
1138 4833 1228 4918 filia,
1252 4830 1379 4906 sextum
1405 4852 1484 4905 tunc
1508 4853 1624 4932 agente
1647 4861 1803 4920 amum,
1840 4843 1870 4910 ei
1903 4833 2041 4934 despon-

744 4929 883 5015 denda,
912 4933 998 5006 Crali
1022 4933 1222 5036 significauit,
1274 4939 1338 5033 Qu
1365 4937 1431 5008 hoe
1456 4935 1734 5022 matrimelaetnt,
1759 4935 2038 5020 Thessalonicam,

755 5059 823 5132 qao
849 5053 881 5104 et
905 5040 1083 5136 imperator
1105 5032 1272 5132 profedlns
1298 5055 1387 5118 erat,
1414 5041 1521 5122 venit,
1546 5055 1579 5108 et
1605 5039 1782 5121 omuibtu,
1809 5057 1891 5142 qnae
1914 5037 1956 5134 ad
1980 5065 2040 5110 nu-

750 5139 833 5236 ptias
858 5139 918 5206 rite
944 5155 977 5210 et
1001 5131 1169 5240 splendide
1193 5134 1397 5212 celebrandas
1422 5137 1645 5246 pertinebant,
1669 5139 1835 5240 paradis,
1870 5145 2041 5216 Cotanitza
2156 5225 2157 5234 ἵ

787 5275 789 5280 .
1842 5260 1845 5268 “
2006 5259 2040 5312 ot
2156 5259 2157 5288 l
