4642 6992
786 1220 1089 1311 eutrnuv.

853 1458 880 1505 a.
907 1435 1054 1527 01195.

391 1566 480 1641 Cum
499 1566 614 1651 *autern
637 1559 896 1648 Sebassocrator.
921 1568 1028 1639 homo
1068 1560 1251 1642 adolescens
1292 1583 1326 1640 et
1363 1570 1485 1642 recenti
1515 1564 1608 1641 clade
1682 1588 1689 1594 ·

286 1662 484 1742 Blachorum
509 1669 544 1726 r)
571 1663 690 1753 elatus,
715 1664 824 1744 hostes
855 1662 1030 1741 Serranum
1064 1692 1181 1769 agrum
1214 1662 1373 1742 incursare
1405 1665 1608 1742 audiuisset:
1648 1698 1655 1707 “

285 1792 357 1841 non
383 1773 469 1867 ptius
496 1764 666 1863 exploratis
694 1792 810 1857 eorum
838 1770 979 1861 viribus,
1004 1765 1160 1843 statimfi
1209 1768 1329 1841 otuba
1356 1765 1457 1855 dato,
1482 1773 1608 1869 primus

283 1873 322 1941 in
346 1874 554 1965 arurisequo
583 1862 756 1941 conscenso
782 1866 904 1943 hastam
931 1874 965 1941 in
996 1867 1105 1945 hossas
1135 1794 1297 1954 ursionis.
1330 1868 1419 1969 quasi
1449 1870 1490 1944 ad
1519 1892 1610 1971 para·

286 1988 353 2043 tarn
381 1994 553 2044 ceruorum
579 1996 619 2043 ve
632 1976 893 2054 tationem..ant
918 1968 1081 2044 ludicrum
1109 1965 1240 2070 aliquod
1266 1976 1376 2045 exiret.
1402 1977 1491 2047 Cum
1508 1976 1608 2075 igitur

287 2070 366 2143 laxis
390 2072 522 2144 habenis
549 2075 673 2143 circiter
696 2076 824 2171 triginta
849 2070 945 2148 stadie
968 2068 1189 2171 processisset:
1214 2090 1247 2144 et
1276 2077 1456 2171 equitatum
1487 2095 1519 2151 et
1549 2098 1607 2175 pe-

288 2172 425 2245 ditatum
452 2164 683 2271 infatigatis,
718 2192 753 2247 vt
784 2198 915 2273 pugnae
946 2192 1099 2273 ternpore
1133 2171 1258 2251 inutiles
1292 2171 1400 2248 essent.
1451 2178 1499 2247 Vt
1530 2192 1607 2274 pro-

286 2277 358 2371 pius
385 2262 532 2346 uosttuni
554 2270 652 2345 casira
678 2294 811 2347 ventum
840 2273 908 2359 esi,
934 2281 1078 2348 maxima
1100 2276 1146 2347 ‘et'
1161 2271 1324 2373 potiffima
1350 2300 1422 2374 pars
1436 2278 1608 2373 copiarum

285 2370 396 2451 Asanis
437 2378 470 2445 in
505 2370 629 2447 infidias
658 2372 819 2449 distributa
843 2374 897 2447 esi.
950 2380 1028 2479 Qo
1051 2376 1274 2475 strategemate
1297 2396 1329 2449 ct
1360 2374 1441 2453 dolo
1473 2371 1609 2453 Isaecittt

285 2500 358 2547 non
382 2470 626 2557 animaduerso,
656 2498 740 2549 certa
765 2473 995 2575 spe'vicioriae
1027 2478 1187 2577 concepta
1199 2528 1216 2559 .‚
1247 2471 1360 2566 insano
1390 2481 1526 2575 impetn
1547 2502 1607 2554 eos
1648 2486 1653 2495 '

287 2575 410 2671 inuasit.
464 2580 550 2653 Cum
576 2596 683 2649 autern
711 2576 753 2649 isli
780 2602 820 2649 ex
848 2573 966 2649 insidiis
992 2574 1281 2656 consurrexissent,
1303 2599 1339 2653 vt
1369 2576 1484 2650 mediis
1518 2577 1607 2655 coffi-

284 2680 359 2751 bue-
370 2680 523 2759 irretitus.
552 2676 657 2749 uudtis
683 2673 815 2750 suorum
842 2674 980 2758 arnissis,
1007 2677 1138 2752 tandem
1167 2698 1198 2761 et
1221 2672 1336 2774 ipse‘a
1359 2680 1489 2772 Scythia
1520 2684 1606 2781 capi·

222 2860 226 2877 Ι
286 2802 348 2853 tur.
399 2776 495 2849 Vnde
521 2778 645 2848 barbari
668 2775 708 2849 ad
741 2774 939 2851 incursiones
972 2796 1004 2849 et
1035 2786 1160 2879 rapinas
1194 2804 1289 2850 more
1319 2778 1456 2852 leonum
1488 2782 1524 2853 in
1556 2806 1605 2854 ar·

286 2900 397 2957 menta
423 2882 612 2950 irruentium
638 2878 848 2955 animosiores
872 2876 950 2953 theti
975 2872 1070 2953 sunt:
1097 2886 1219 2981 quippe
1245 2906 1322 2952 cum
1347 2906 1449 2953 nemo
1480 2883 1606 2956 Roma·

285 3007 410 3054 norum
437 2984 480 3050 eis
515 3004 685 3053 occurrere
712 2978 866 3064 auderet,
892 2976 946 3053 sed
965 3002 1086 3055 omnes
1111 2986 1210 3055 territi
1234 2979 1313 3053 laxis
1339 2982 1468 3053 habenis
1492 2986 1527 3055 in
1553 3011 1605 3059 vr·

283 3084 364 3155 bem
389 3084 496 3154 Serius
523 3075 765 3179 confugerent,
789 3086 844 3185 qui
868 3084 903 3153 iu
929 3078 981 3153 issa
1005 3082 1095 3156 clade
1122 3110 1194 3157 non
1218 3083 1444 3156 occubuerant.
1482 3086 1607 3177 Scytha

282 3208 367 3259 vero
392 3180 684 3258 Sebassocratorem
712 3209 729 3255 a
755 3178 787 3254 se
813 3204 955 3281 captum·
973 3189 1089 3283 quouis
1119 3184 1226 3257 modo
1254 3182 1355 3256 cesare
1382 3203 1514 3257 conatos
1529 3184 1605 3271 cst,

283 3312 333 3359 ne
356 3280 388 3355 id
414 3278 500 3355 Asan
525 3277 724 3369 rescisceret,
749 3279 804 3383 spe
831 3288 992 3357 maximae
1016 3290 1197 3385 pecuniae,
1222 3289 1288 3357 eius
1312 3282 1493 3357 redimendi
1513 3280 1605 3359 causa

285 3380 517 3484 accipiendae,
542 3404 724 3483 concepta,
749 3384 960 3459 fihominem
975 3388 1022 3469 ‘in
1048 3390 1216 3480 Scythiam
1230 3384 1386 3484 abducere
1397 3385 1514 3459 liceret
1538 3382 1605 3461 sed
1626 3438 1635 3447 -
1858 3419 1868 3464 t

285 3514 367 3560 cum
392 3482 479 3557 fama
505 3506 635 3585 captum
662 3482 724 3567 eise
749 3484 867 3561 ducem
892 3485 1036 3563 hostium
1049 3484 1226 3591 vulgasset,
1251 3484 1459 3590 inquisitione
1472 3484 1608 3591 diligen·
1703 3494 1710 3503 ”

285 3593 313 3664 ti
337 3606 549 3684 compertus,
576 3584 615 3659 ad
640 3582 779 3661 Asauetn
805 3584 1000 3690 perducitur.

391 3690 457 3764 Hic
481 3688 563 3763 illius
591 3686 804 3789 expeditionis
829 3695 931 3763 exints
955 3687 1023 3763 suit.
1104 3784 1107 3791 .
1479 3692 1483 3698 ’

856 3793 999 3866 Ssss
1050 3814 1069 3862 a
1446 3784 1606 3866 CAPVT

418 3920 481 4007 sed
502 3936 533 3991 et
553 3929 739 4012 imperatore
761 3922 881 4011 Isaacio
906 3926 1051 4011 afratre
1074 3924 1189 3991 Alexio
1214 3923 1394 4008 obcaecata,
1426 3947 1518 4014 eoque
1543 3926 1609 4002 lto,-

431 4014 518 4075 mani
536 4016 658 4097 imperii
682 4010 816 4079 habenas
841 4013 1040 4093 moderante,
1066 4016 1172 4077 multis
1199 4014 1326 4089 praeliis
1358 4010 1461 4089 versus
1490 4010 1606 4095 Phiiip-
1731 4076 1734 4083 .

420 4096 578 4181 papalia,
615 4098 808 4185 Beroinqae,
847 4098 900 4165 att
932 4099 1141 4183 protostrator
1178 4092 1347 4180 Camytzes
1377 4098 1555 4181 depugnans
1584 4114 1608 4161 a

433 4182 583 4265 Basgaris
606 4194 713 4268 captus
736 4188 796 4273 est,
824 4184 934 4249 Ioanne
956 4183 1055 4268 Aseni
1075 4184 1186 4269 fratre
1216 4194 1285 4248 tune
1315 4184 1513 4266 dominante,
1542 4182 1608 4250 Ro-

379 4302 381 4305 ·
430 4288 540 4333 manos
566 4271 698 4353 Balgarr'
718 4282 880 4337 vexarent.
922 4269 1045 4353 Asanns
1070 4272 1147 4334 enim
1172 4271 1250 4333 duos
1272 4268 1381 4335 habuit
1394 4271 1533 4345 fratres,
1556 4270 1610 4334 vni

332 4406 340 4419 .
428 4372 535 4419 nemen
547 4357 616 4439 fnit
641 4358 759 4433 Petro,
780 4361 871 4421 alteri
893 4358 1012 4437 Ioanni.
1053 4357 1183 4425 Ioannes
1207 4377 1299 4439 penes
1331 4357 1415 4421 iiiam
1453 4353 1609 4444 reficiebat.

430 4440 526 4513 Petro
545 4453 670 4525 partem
703 4464 718 4507 e
749 4443 885 4507 dominio
922 4438 1060 4527 annisum
1094 4443 1263 4520 comest,
1287 4451 1322 4505 ot
1355 4456 1482 4523 regeret.
1531 4443 1611 4507 Tum

366 4542 369 4547 ·
427 4544 576 4609 magnam
597 4526 825 4597 Parathlabam
851 4538 881 4594 et
908 4530 1077 4592 Probatum
1104 4538 1134 4593 et
1154 4532 1220 4593 ioca
1232 4527 1404 4593 adiacentia
1408 4527 1517 4607 frate
1528 4528 1613 4615 Asa·

431 4630 489 4675 nas
513 4614 628 4692 Petro,
653 4626 687 4679 vt
711 4612 848 4699 inrasae
875 4633 911 4678 ae
942 4624 1016 4679 nutu
1050 4610 1259 4695 gubernaret,
1283 4616 1443 4693 elargitur.
1483 4614 1537 4678 Sic
1554 4615 1612 4693 fa.

407 4687 512 4761 'idum
537 4700 578 4787 est
590 4748 601 4778 ,
624 4702 725 4767 atad
747 4698 822 4765 tanc
847 4699 926 4765 diem
951 4718 987 4765 en
1009 4701 1075 4764 toea
1106 4698 1197 4765 Perre·
1231 4704 1319 4780 regio
1353 4699 1611 4780 cognominentur.

333 4820 595 4905 197.1d.p.·301.
640 4830 748 4904 Georg.
761 4822 923 4913 Areopolis.
1016 4832 1066 4899 r)
1097 4822 1235 4887 isaacium
1278 4822 1534 4887 sebaiiocratorem
1572 4824 1619 4905 ab,

289 4910 324 4976 P·
347 4924 380 4965 n.
405 4911 486 4970 etin
513 4913 625 4977 Chron.
664 4917 771 5001 Comp.
806 4934 834 4997 p.
872 4931 925 4987 ¹14·
974 4906 1077 4972 Alexio
1101 4910 1280 4973 iu·.Blachos
1305 4909 1421 4973 missum
1443 4912 1537 4990 dixit,
1561 4911 1612 4978 sed

291 4986 382 5073 peasa
408 4992 551 5093 breuius
896 5010 905 5021 ·
953 4996 1047 5061 'nihii
1073 4998 1109 5062 de
1134 4995 1216 5063 clade
1238 4996 1415 5064 titanorum
1439 5000 1611 5083 viduae.

876 5102 1016 5263 spa
1510 5181 1521 5218 .
1605 5146 1615 5149 -

1617 2248 1685 2328 ¹97·
