4642 6992
657 1207 663 1216 ’
741 1259 796 1309 12·
1175 1223 1579 1306 svunnmutt

735 1417 904 1532 ¹instigatur
929 1424 982 1499 esb
1034 1429 1190 1501 factione
1215 1431 1321 1528 itaque
1346 1423 1415 1501 sa'tis
1441 1425 1544 1502 ¹valida
1571 1417 1756 1524 comparata
1770 1408 1784 1508 ⁴‚
1818 1443 1852 1498 et
1887 1427 2043 1498 exerciti

741 1560 875 1636 quoque
900 1536 934 1601 iu
960 1533 1026 1600 eius
1051 1549 1156 1628 partes
1183 1531 1312 1611 traslo,
1338 1556 1357 1600 a
1382 1533 1552 1608 coniuratis
1578 1555 1635 1600 rex
1660 1522 1809 1600 salutatur
1819 1554 1833 1616 3
1857 1547 1952 1624 pater
1974 1553 2043 1598 ‘au-

735 1657 810 1711 tem
834 1640 870 1708 in
895 1657 1056 1754 qarcerem
1085 1625 1249 1712 detrusus,
1276 1629 1404 1730 ibique,
1430 1634 1533 1703 inuito
1558 1625 1694 1703 fortassis
1720 1629 1813 1710 filio,
1840 1622 1963 1700 occisus
1982 1626 2039 1699 esl.

848 1761 917 1807 tra
945 1737 1164 1832 principatum
1191 1729 1323 1828 adeptus
1352 1733 1554 1829 StephanuS,
1580 1729 1683 1801 slatim
1709 1735 1743 1800 in
1768 1733 1934 1801 Romanas
1960 1753 2040 1826 pro·

637 1829 654 1847 '
741 1837 863 1906 ttincias
890 1839 1069 1930 irruptione
1093 1828 1202 1915 sada,
1229 1828 1270 1902 ad
1297 1835 1509 1928 Strymonem
1538 1857 1636 1930 vsque
1663 1850 1695 1902 et
1719 1829 1939 1928 Amphipolin
1963 1853 2041 1928 pm·

740 1929 884 2036 gressus,
909 1935 1063 2032 pleraque
1088 1937 1123 2002 in
1147 1931 1340 2030 potellatetn
1366 1929 1499 2033 redegit.
1551 1936 1645 2006 Breui
1677 1931 1751 2032 post
1785 1933 1837 2024 [a.
1863 1934 1903 2002 C.
1931 1929 2041 2022 1332]

741 2039 960 2135 Syrgiannes,
985 2031 1084 2106 laesae
1109 2033 1279 2106 maiestatis
1306 2059 1402 2116 reus,
1430 2059 1448 2105 e
1478 2029 1548 2104 solo
1580 2035 1736 2126 Romano
1761 2033 1771 2052 “
1794 2025 1965 2131 tofugus,
1998 2025 2042 2101 ad

741 2137 873 2211 Cralem
900 2132 1040 2208 transiit:
1066 2141 1117 2204 cui
1142 2131 1196 2216 se,
1223 2131 1249 2206 si
1274 2139 1340 2205 eius
1367 2139 1437 2228 ope'
1464 2137 1657 2231 imperium·
1673 2059 1926 2232 adipilieretttr,
1970 2135 2040 2205 vni·

741 2233 831 2310 uersa
858 2234 1054 2326 Macedonia
1079 2232 1239 2310 cessurum
1265 2231 1422 2334 promisit.
1456 2231 1583 2314 ¹Crales
1608 2237 1670 2305 hac
1696 2230 1750 2332 spe
1786 2231 1941 2313 induelus
1976 2235 2040 2332 pri·

715 2346 801 2412 ‘mo
826 2363 901 2410 vere
926 2339 1179 2433 [a.C.'1333.]
1207 2361 1283 2406 cum
1310 2359 1351 2406 eo
1378 2331 1655 2434 Thessalonicam
1669 2330 1773 2409 versus
1800 2331 1979 2407 contendit.
2006 2339 2039 2405 A

600 2522 602 2531 Ι
687 2502 689 2505 .
770 2466 809 2510 ua
835 2439 915 2512 vrbe
939 2465 1016 2509 cum
1040 2464 1112 2508 non
1137 2435 1253 2535 procul
1279 2433 1439 2518 abessent,
1465 2440 1660 2534 Syrgiaunes
1691 2461 1709 2507 a
1746 2437 1912 2532 Sphranze
1956 2457 2041 2534 quo·

746 2461 822 2612 dam
835 2546 853 2621 ,'
874 2542 931 2637 qui
958 2535 990 2610 se
1015 2534 1214 2640 transfugam
1240 2535 1466 2619 fundauerat,
1492 2535 1571 2610 dolo
1596 2533 1717 2608 occisus
1730 2535 1798 2608 esl:
1824 2529 1932 2609 Crales
1945 2559 2040 2614 vero,

744 2665 781 2714 re
808 2633 992 2737 desperata,
1018 2633 1135 2738 pacem
1160 2635 1217 2710 fibi
1251 2640 1289 2710 ab
1321 2641 1517 2736 imperatore
1552 2636 1721 2718 oblatam,
1754 2635 1866 2734 lubens
1900 2632 2042 2708 admisit.

641 2755 644 2760 '
749 2744 903 2815 Amicitia
937 2759 1016 2811 tunc
1042 2744 1172 2814 Sentius
1197 2745 1279 2811 inter
1304 2757 1336 2811 et
1360 2745 1527 2812 Romanos
1553 2738 1692 2826 reslituta
1716 2731 1816 2838 usque
1842 2735 1881 2810 ad
1908 2734 2041 2810 Andro·

747 2844 812 2914 nici
837 2844 968 2912 iunioris
994 2840 1121 2913 obitum
1147 2837 1329 2938 permansit.
1356 2903 1358 2912 .
1382 2837 1433 2912 Eo
1459 2861 1567 2913 autem
1592 2831 1663 2938 faiis
1688 2837 1828 2940 fitadio,
1855 2837 1964 2913 Crales
1982 2836 2059 2908 sla·

745 2947 806 3014 tim
832 2946 1013 3039 irruptione
1037 2947 1072 3014 in
1097 2938 1331 3017 Macedoniam
1358 2935 1464 3021 fassa,
1495 2967 1567 3014 eant
1593 2939 1654 3013 late
1680 2941 1831 3015 vallauit:
1856 2959 1968 3012 tamen
1994 2937 2040 3009 le*-

745 3063 839 3144 gatos
862 3043 1062 3137 mittentibus
1087 3046 1268 3127 Romanis,
1293 3067 1410 3144 pacem
1436 3039 1495 3115 fibi
1519 3035 1703 3143 persuaderi
1733 3033 1869 3142 passus,
1901 3033 2040 3112 foedera

744 3163 924 3217 renouauit.
1313 3201 1317 3210 .
1720 3203 1726 3212 .

853 3252 1181 3327 enuraevzruvs,
1206 3229 1344 3343 magnus
1371 3241 1596 3326 domesticus,
1622 3267 1722 3341 quem
1760 3267 1838 3316 cum
1864 3237 1935 3312 'aliis
1966 3239 2040 3312 silio

681 3417 685 3422 ,
747 3335 808 3415 suo
834 3349 950 3418 Ioanni
964 3343 1180 3444 Palaeologo,
1207 3345 1366 3444 impuberi
1393 3341 1519 3428 adhuc,
1544 3363 1686 3416 tutorem
1700 3341 1905 3417 Andronicus
1931 3343 2042 3412 irmior

645 3537 651 3544 ἢ
747 3442 943 3544 reliquerat,
967 3449 1095 3544 imperii
1120 3443 1259 3546 insignia
1286 3465 1318 3518 et
1341 3443 1435 3518 simul
1460 3445 1580 3518 bellum
1608 3463 1719 3518 contra
1732 3453 1889 3532 loannem
1901 3439 1966 3514 Pal
1979 3436 2041 3512 sus-

748 3549 856 3643 cipere
874 3547 1034 3638 ιοοιιὲἲιιεθ
1059 3571 1136 3617 cum
1162 3543 1220 3621 sibi
1247 3573 1364 3646 prtum
1390 3541 1431 3618 ad
1459 3543 1493 3626 id
1518 3549 1635 3622 virium
1659 3543 1878 3648 esl‘cvidelet,
1903 3539 1946 3614 ad
1961 3545 2041 3614 Cra·

702 3643 723 3658 ”
747 3643 815 3718 lem
842 3649 1044 3744 Stephanum
1070 3673 1146 3721 cum
1173 3647 1299 3718 duobus
1323 3643 1456 3718 suorum
1481 3646 1619 3718 millibus
1647 3645 1796 3746 confugit
1808 3636 1860 3718 :²‘a
1884 3669 1952 3743 quo
1980 3645 2041 3716 hu·

634 3775 643 3794 ³
747 3743 930 3820 manissime
950 3767 983 3817 et
998 3743 1129 3817 summo
1160 3771 1236 3817 cum
1260 3749 1391 3818 honore
1412 3741 1577 3846 susceptus*
1590 3739 1643 3824 ess.
1682 3743 1796 3821 Multis
1819 3744 1937 3818 dehinc
1955 3744 2043 3816 inter

710 3842 819 3925 [illos
845 3841 1045 3918 defoedare
1077 3863 1111 3916 et
1133 3843 1278 3929 auxilio,
1310 3843 1401 3945 quod
1428 3851 1675 3926 Cantacurenus
1701 3854 1875 3948 gratuitum
1901 3843 2057 3944 postula·

747 3947 826 4028 bat,
850 3942 1034 4043 disputatis,
1061 3942 1149 4023 ceffit
1173 3944 1305 4018 tandem
1333 3946 1463 4029 Crales,
1489 3953 1583 4048 eique
1609 3946 1650 4020 de
1676 3941 1884 4052 dynastarum
1903 3942 2041 4019 suorum

646 4044 649 4049 ’
749 4044 1015 4145 οριιΙειιτῖΙΠιηίὲ,
1040 4051 1153 4148 viginti
1178 4049 1336 4129 attribuit,
1363 4073 1445 4146 quos
1472 4075 1548 4121 cum
1564 4055 1727 4146 exercitu,
1753 4077 1852 4150 quem
1866 4045 2041 4132 ducebant,

749 4153 778 4220 ei
803 4152 839 4225 in
863 4150 1014 4225 omnibus
1037 4173 1150 4252 parere
1175 4145 1266 4221 iussit.
1315 4153 1405 4222 Cum
1429 4151 1478 4226 his
1503 4149 1546 4226 ad
1573 4153 1688 4223 Pheras
1712 4155 1825 4230 vrbem
1856 4145 2040 4231 accedens,

747 4275 820 4321 eam
846 4243 1010 4348 ¹deditione
1035 4273 1175 4348 capere,
1202 4243 1256 4321 sed
1278 4243 1392 4327 fiuslra
1418 4256 1560 4326 tentatrit.
1609 4256 1740 4337 Interim
1768 4279 1827 4350 per
1852 4251 1976 4349 aliquot
1993 4249 2039 4322 ibi

705 4408 712 4416 ,
746 4370 892 4427 moratus
918 4341 1009 4450 die's,
1043 4351 1087 4424 ob
1113 4349 1294 4439 morbum,
1327 4355 1381 4450 qui
1413 4353 1583 4425 Seruicum
1609 4351 1734 4437 ⁴inuasit
1758 4349 1963 4446 exercitum,
1995 4375 2039 4422 ex

747 4462 816 4552 quo
841 4451 972 4547 plurimi
997 4449 1240 4534 monebantur,
1274 4453 1368 4524 rebus
1394 4447 1519 4524 infessis
1545 4457 1579 4524 in
1606 4455 1750 4526 Seruiam
1777 4451 1881 4526 redire
1906 4453 2040 4524 coaetus

627 4586 631 4594 =
746 4551 800 4625 esl.
851 4548 982 4623 Eodem
1008 4560 1160 4650 tempore
1185 4557 1328 4645 Byzantii
1359 4541 1480 4624 crebris'
1505 4549 1547 4625 ad
1580 4553 1709 4628 Cralern
1743 4553 1840 4628 missis
1872 4551 2041 4652 legationi-

745 4644 827 4734 bus,
852 4654 1033 4751 ingentibus
1058 4681 1135 4724 eum
1161 4651 1322 4754 promissis
1355 4651 1515 4749 adducere
1547 4655 1750 4738 nitebantur,
1773 4647 1816 4730 xut
1843 4657 2041 4728 Cantacuze-

744 4779 828 4827 num
853 4753 905 4826 vel
933 4752 1119 4836 occideret,
1145 4753 1197 4828 vel
1221 4757 1369 4847 vinclum
1394 4759 1534 4827 mitteret
1560 4759 1762 4847 Byzantium.
1816 4751 1880 4826 Sed
1904 4754 1949 4825 illi
1962 4773 2041 4826 tunc

746 4879 817 4928 non
843 4847 948 4924 solum
974 4853 1055 4926 nihil
1079 4846 1282 4942 effecerunt3
1309 4849 1363 4926 se'd
1397 4855 1505 4930 Crales
1539 4860 1635 4928 ctiam
1669 4883 1771 4930 nouas
1808 4859 2039 4940 Cantacuzeno

748 4959 858 5052 copiae
886 4951 998 5037 dedit,
1026 4982 1103 5026 cum
1128 4957 1242 5056 quibus
1268 4959 1322 5026 hic
1346 4950 1444 5028 semel
1469 4950 1673 5054 iterumque,
1699 4983 1813 5058 parum
1841 4955 1974 5057 quidem
1993 4952 2042 5028 fe·

746 5053 798 5126 lici
825 5051 989 5154 successu,
1014 5060 1048 5126 in
1072 5059 1172 5130 Rom.
1200 5055 1370 5130 ditionem
1385 5062 1601 5156 irruptionem
1631 5053 1707 5132 fecit
1727 5087 1740 5151 ³,
1769 5051 1879 5130 donec
1904 5054 2040 5129 tandem
2083 5105 2090 5112 -

746 5151 927 5263 berhoeam
952 5179 985 5232 et
1007 5157 1114 5258 plures
1138 5157 1212 5232 alias
1236 5159 1327 5234 urbes
1354 5155 1519 5234 deditione
1546 5162 1581 5231 iu
1603 5154 1796 5260 potesla'tem
1821 5163 1952 5258 accepit.
1986 5161 2040 5228 Ex
2156 5249 2157 5254 ἵ

751 5261 758 5270 ’
1498 5259 1517 5296 'l
1969 5261 2038 5333 hoc
