4642 6992
797 1318 800 1321 ,
848 1253 1160 1333 oarv‘rxru
1600 1292 1654 1367 315

855 1410 861 1417 ·
1471 1418 1475 1427 ,
1664 1376 1871 1463 Imppronn·

839 1480 867 1532 a.
903 1461 943 1535 C.
968 1476 1173 1561 1348—1357.
1663 1478 1712 1527 aaa
1737 1467 1824 1538 Par

353 1582 484 1657 abibas
507 1596 634 1652 tantum
658 1604 698 1650 ao
721 1576 873 1654 domibus
897 1584 1038 1681 ingentia
1064 1582 1278 1659 incommoda
1314 1590 1434 1681 intulit3
1460 1583 1515 1663 sed
1533 1608 1565 1663 et
1576 1594 1648 1662 tota
1665 1567 1806 1706 3252ss

352 1688 491 1783 inperia
519 1673 757 1780 pessumdedit,
784 1708 861 1753 cum
885 1704 941 1754 aut
966 1686 1123 1782 quidam,
1150 1682 1338 1761 insaturabili
1365 1689 1536 1793 cupiditate
1561 1690 1646 1763 bello
1782 1683 1791 1703 ”

350 1811 415 1886 per
438 1780 528 1857 nesea
553 1782 668 1867 illato,
694 1782 772 1858 alios
799 1802 969 1869 euertunt,
994 1804 1049 1857 aut
1073 1790 1111 1860 ab
1138 1786 1223 1871 aliis,
1251 1790 1364 1889 quibus
1387 1798 1488 1891 iniqui
1508 1790 1647 1875 suemnt,

350 1886 433 1959 iulio
458 1912 498 1957 ac
520 1882 656 1957 bonella
680 1878 713 1956 se
739 1879 978 1977 ulciscentibus,
994 1928 998 1937 ,
1013 1909 1221 1961 euertuntur:
1258 1890 1348 1993 quod
1385 1913 1418 1966 et
1451 1896 1508 1967 tibi
1542 1890 1648 1981 modo

352 1981 523 2089 contigisse
547 1986 690 2059 arbitror.
742 1988 890 2058 sienim
917 1991 1264 2088 aequumetbonum
1290 2012 1321 2065 te
1348 1996 1382 2063 iu
1407 1994 1515 2068 nostra
1535 1996 1648 2069 ambo·
1689 2020 1758 2097 ¹95·
1811 1992 1813 1995 ’
1876 2020 1878 2025 ·

349 2117 431 2162 aum
459 2080 552 2161 causa
582 2084 725 2159 iudicem
755 2081 971 2185 praestitisses,
1001 2114 1073 2162 non
1102 2104 1163 2174 tu,
1197 2112 1310 2165 contra
1342 2088 1460 2167 foedus
1495 2111 1527 2169 et
1562 2100 1645 2169 iura·

349 2212 463 2265 menta
489 2208 540 2262 tot
567 2180 591 2259 ὀ
616 2185 697 2287 pidis
721 2190 951 2261 Romanorum
983 2193 1270 2282 incubans,‚uihil
1305 2213 1338 2267 te
1368 2180 1501 2270 nouuui
1531 2194 1645 2269 admit·

348 2315 444 2375 tere,
470 2214 658 2364 eenfiritlbs:
682 2316 745 2360 nec
768 2316 847 2372 ure,
874 2295 929 2389 qui
955 2318 996 2363 err
1015 2294 1123 2367 multis
1137 2320 1239 2391 pauca
1253 2300 1384 2395 recepi,
1410 2320 1444 2371 vt
1457 2298 1647 2395 improbum

347 2400 606 2495 ingratumque,
632 2411 664 2465 et
678 2429 697 2473 ,·
716 2390 807 2490 quod
833 2394 882 2462 his
908 2393 1082 2467 mirabilius
1108 2394 1177 2479 est,
1204 2423 1338 2470 auarum
1352 2394 1562 2471 accusauisses.
1587 2402 1648 2473 Me

345 2503 449 2600 igitur
474 2524 493 2567 a
521 2495 641 2566 ciuibus
665 2498 746 2564 meis
771 2492 856 2566 bebo
881 2498 1044 2590 petitum,
1070 2502 1109 2568 et'
1125 2500 1282 2571 Romano
1307 2494 1377 2572 solo
1393 2496 1544 2598 pulsum,
1569 2524 1649 2575 oum

294 2608 303 2625 '
346 2593 552 2680 necessariis,
577 2613 610 2667 et
619 2596 754 2678 amicis,
780 2615 812 2668 et
825 2599 962 2693 pecunia
976 2596 1076 2669 multa
1087 2592 1127 2668 ad
1138 2619 1171 2670 te
1183 2594 1325 2683 venisse,
1344 2620 1382 2697 te
1394 2616 1517 2704 ‘neque
1534 2625 1647 2674 amore

250 2756 255 2763 .
346 2706 529 2801 pecuniae,
551 2711 651 2796 quam
676 2722 740 2797 ego
766 2718 799 2771 et
823 2694 931 2768 hostes
956 2718 1022 2769 tam
1047 2695 1205 2799 grandem
1218 2695 1433 2775 offerebamus
1462 2715 1516 2786 ⁰³,
1540 2728 1648 2801 neque

346 2804 479 2877 vrbibur
501 2820 533 2875 et
555 2802 713 2897 regione,
740 2800 853 2898 quibua
878 2798 934 2869 tibi
959 2795 1153 2885 cedebatur,
1179 2820 1213 2875 vt
1238 2804 1318 2874 mihi
1343 2800 1571 2885 malefaceret,
1596 2822 1645 2887 te,
1764 2844 1771 2851 .

233 2946 238 2953 ·
346 2908 509 3004 iuquam,
534 2898 626 2976 nullo
651 2902 773 2972 horum
798 2902 923 2973 vitium
948 2895 1035 2990 esse3
1059 2898 1114 2975 sed
1140 2905 1291 2975 omuibus
1323 2908 1497 2977 amicitiam
1532 2930 1643 2979 meam

346 3002 550 3107 praetulisse,
577 2996 718 3101 rrecipse
745 2999 957 3103 negauerim:
983 2999 1081 3077 ollem
1105 3009 1194 3079 enim
1222 3010 1256 3077 in
1281 3024 1312 3078 te
1336 3027 1368 3095 et
1380 3008 1482 3089 alios,
1508 3010 1644 3106 quitam

348 3132 428 3208 egre
451 3109 486 3178 ira
511 3103 669 3203 exemplis
693 3102 735 3175 ad
762 3104 912 3178 virtutem
940 3107 1063 3175 incitari
1088 3125 1262 3204 poterant,
1296 3105 1522 3181 iniustissimos.
1554 3108 1643 3181 Nam

347 3134 467 3309 quos,
490 3204 644 3289 nnllam,
668 3223 704 3279 vt
728 3206 851 3288 aicta,
885 3204 1079 3278 beneficium
1112 3210 1194 3281 mihi
1230 3205 1372 3293 debens,
1408 3214 1443 3281 in
1478 3232 1552 3281 urea
1587 3233 1643 3280 me

347 3309 525 3383 calamitate
549 3307 726 3405 excepisti,
751 3333 857 3407 neque
882 3325 996 3405 tuopte
1020 3312 1154 3408 iugenio
1183 3304 1224 3381 ad
1252 3306 1430 3382 commoda
1454 3322 1508 3379 tua
1532 3330 1574 3379 ex
1587 3332 1643 3383 rue

348 3404 570 3512 comparanda
595 3403 750 3507 impulsus
776 3435 831 3490 es,
858 3433 966 3581 nrnepue
991 3408 1031 3481 ab
1057 3408 1120 3481 alio
1146 3405 1297 3483 indullus
1321 3430 1374 3483 aut
1401 3410 1561 3491 coactus,
1595 3413 1642 3481 iu·-

269 3534 273 3540 ’
344 3512 428 3587 iuste
452 3531 505 3585 aut
528 3506 662 3611 indigne
687 3514 723 3591 in
752 3535 807 3583 me
841 3524 882 3580 co
906 3509 1054 3605 puluillt,
1088 3506 1143 3583 [οά
1180 3514 1331 3585 omnibus
1367 3510 1449 3597 illis,
1485 3536 1566 3611 quae
1598 3508 1641 3582 ad

344 3618 564 3715 principatum
588 3609 854 3709 amplificandum
880 3616 1041 3710 pertinere
1066 3612 1281 3698 videbantur,
1307 3612 1510 3688 honestatem
1543 3631 1639 3712 atque

344 3715 495 3789 iustitiam
521 3707 749 3813 anteposuisti:
774 3716 856 3786 haec
881 3730 913 3785 te
937 3740 1010 3787 non
1035 3716 1142 3788 modo
1171 3710 1310 3791 excelso·
1324 3720 1436 3790 animo
1462 3732 1495 3787 et
1525 3710 1641 3785 ardore

346 3814 495 3919 quodam
517 3814 708 3888 immortalia
736 3815 861 3916 gloriae
893 3814 1097 3914 praeditum,
1122 3811 1178 3890 [οά
1211 3838 1244 3893 et
1275 3819 1402 3891 bouum
1437 3820 1569 3898 virum,
1594 3818 1642 3887 in·

344 3920 518 4021 telligentia
542 3916 777 4017 praeliantem,
801 3917 961 3991 tollantur.
1013 3922 1056 3990 Et
1080 3919 1124 3992 ob
1148 3922 1231 3995 haec
1255 3924 1367 3999 omnia
1391 3946 1411 3992 e
1434 3946 1456 3992 o
1476 3919 1537 3991 tibi
1558 3914 1641 3988 mul·

345 4042 406 4095 tas.
417 4023 530 4122 gratias
556 4023 625 4092 iore
651 4016 769 4091 debere
795 4016 983 4108 confiteor3
1007 4045 1078 4092 non
1103 4015 1210 4094 solnm
1236 4018 1327 4122 quod
1351 3944 1433 4097 nihi
1465 4010 1639 4101 nocueris,

346 4124 425 4196 euin
449 4120 482 4194 id
507 4118 658 4194 facillime
683 4116 810 4219 posset,
836 4114 892 4191 sed
916 4124 1012 4193 etiam
1039 4120 1130 4220 quod
1154 4126 1270 4196 maiori
1288 4150 1344 4196 me
1356 4125 1484 4196 honore
1499 4172 1518 4215 ,¹
1535 4144 1636 4219 quarn

343 4231 512 4306 amicum,
538 4220 758 4294 carmulaueris.
810 4226 926 4297 Ferme
938 4226 1050 4306 enirn,
1073 4222 1350 4323 quamdiu'tecurn
1365 4228 1453 4307 vixi,
1479 4240 1536 4293 tuo
1548 4224 1637 4319 prin·

343 4331 452 4427 eipatu
477 4326 557 4396 mibi
583 4319 716 4415 callisti,
742 4349 813 4396 non
836 4316 905 4422 ipse
932 4321 1086 4397 duntaxat
1111 4330 1235 4423 priores
1260 4329 1342 4399 mihi
1378 4320 1554 4405 deferens,
1578 4316 1634 4392 sed
1674 4350 1677 4357 ’

342 4450 378 4507 at
401 4422 558 4499 subiectos
582 4444 655 4499 ttror
679 4451 820 4508 omnes,
845 4444 1011 4523 tamquam
1036 4420 1063 4497 fi
1087 4451 1204 4501 eorum
1225 4450 1291 4501 'rex
1318 4424 1440 4509 essem,
1464 4425 1546 4497 mihi
1578 4421 1636 4494 ob·

342 4554 547 4629 temperare,
581 4532 738 4626 omnique
772 4529 980 4622 generatione
1014 4526 1047 4599 et
1079 4528 1209 4602 honore
1241 4555 1297 4601 me
1353 4522 1481 4627 rosequi
1515 4529 1636 4623 praeci·

339 4642 443 4738 piena
494 4634 647 4730 Qorom
670 4632 769 4728 gratia
795 4627 967 4727 ampliores
992 4628 1067 4710 tibi,
1093 4655 1193 4730 quarn
1220 4624 1319 4728 pros
1342 4650 1395 4701 ute
1420 4624 1635 4701 etiucolumi-

339 4758 406 4813 tate
430 4757 506 4807 mea
530 4730 584 4801 abo
609 4748 640 4803 te
666 4724 868 4813 conseruata,
891 4733 1006 4830 gratias
1032 4756 1106 4830 ago.
1159 4734 1197 4806 T
1198 4758 1255 4804 unt
1281 4727 1440 4830 liquidem
1467 4726 1563 4800 abste
1577 4720 1637 4799 ser·

337 4860 459 4919 naun,
483 4834 622 4908 omnino
647 4828 984 4939 tandemaliquaudo
1003 4833 1066 4905 hac
1089 4830 1163 4927 luce
1188 4828 1368 4935 defungar:
1394 4834 1638 4912 honorantem,

594 4963 606 4979 ·
895 4937 973 5009 ttr
1023 4957 1043 5006 a
1568 4954 1637 5029 quo
1714 4998 1719 5013 ,

386 5124 440 5180 ¹95·
465 5106 508 5167 ld.
534 5102 606 5167 ibid.
631 5123 660 5186 p.
677 5115 745 5191 ¹783·
1010 5103 1083 5200 ε’μω
1115 5130 1173 5200 και]
1206 5130 1277 5186 των
1310 5098 1380 5183 tim
1421 5124 1492 5177 των
1530 5102 1638 5175 πολέ-

389 5194 432 5284 r)
458 5188 544 5268 ὄυτε
570 5185 960 5293 χρηματωνέπιθυμιᾳ
1009 5233 1093 5303 pm
1120 5208 1182 5281 &u

333 5321 504 5376 rorarent
540 5288 647 5373 ὄντων
684 5318 754 5369 των
797 5322 841 5368 τε
878 5296 959 5387 παῤ

978 5478 999 5511 ἱ
