4642 6992
662 1224 664 1231 ’
796 1219 1012 1313 'CAPVT
1037 1224 1141 1305 XXV.

845 1446 873 1495 a
900 1426 938 1498 C.
968 1447 1061 1519 1344·

393 1646 541 1737 Byzantii
566 1642 639 1743 post
664 1672 823 1747 meginun
851 1556 969 1728 dudem
996 1662 1138 1757 ephori,
1164 1684 1328 1741 cernentes
1356 1693 1489 1771 aegram
1520 1694 1552 1750 et
1583 1672 1720 1751 111404

288 1740 452 1822 sexcentas
479 1768 582 1844 partes
609 1744 763 1823 diuulsam
790 1752 1037 1857 dillraclatnque
1061 1764 1250 1838 Romanam
1279 1772 1544 1871 rempublicam,
1570 1800 1621 1847 ur·

287 1852 409 1949 besqne
435 1847 619 1946 complures
644 1870 676 1923 et
700 1880 832 1953 magnas
857 1854 1053 1934 Moesorum
1079 1890 1116 1935 ac
1140 1867 1364 1945 Triballorum
1397 1872 1525 1950 ditionis
1556 1872 1620 1949 else

284 1948 526 2023 saclas-ultra
551 1974 621 2021 non
646 1946 818 2029 ferendum
846 1958 1075 2036 existimabant.
1127 1968 1218 2065 Ergo
1249 1976 1444 2075 imperatrici
1466 1981 1554 2081 pacis
1578 2002 1618 2050 ac

282 2050 426 2126 foederis
453 2076 529 2125 cum
555 2054 787 2130 Cantacueeno
810 2059 930 2133 iciendi
956 2066 1103 2165 auderes
1127 2060 1217 2164 sunu]

870 2198 899 2293 l·
926 2218 1005 2288 ura

388 2318 403 2410 [
416 2285 638 2395 lurrnaron
668 2325 911 2397 Cautacuzenus
937 2326 977 2399 ad
1004 2328 1202 2429 legationem
1228 2338 1466 2431 Byzantiorum
1484 2342 1615 2446 respon·-
1632 2367 1709 2445 4ος.

281 2412 389 2499 dens,
417 2424 500 2491 inter
519 2422 604 2505 alia,
631 2430 757 2497 Nonne
784 2431 917 2523 inquit]
941 2430 1056 2507 urbes,
1093 2432 1166 2506 alias
1199 2436 1332 2535 quidem
1364 2444 1488 2519 Moesis
1523 2444 1617 2520 tradi-

280 2515 427 2601 derunt,
452 2520 525 2593 alias
549 2524 681 2597 libentes
709 2528 860 2599 Triballis
886 2526 1122 2625 permiserunt?
1139 2570 1176 2585 -
1192 2538 1279 2636 Qid
1305 2567 1369 2641 ego
1396 2543 1530 2624 simile?
1553 2546 1615 2621 nili

279 2618 375 2718 quod
402 2617 535 2694 Moesos
561 2645 593 2697 et
617 2627 778 2699 Triballos
805 2626 991 2703 inuadentcs
1018 2632 1164 2733 repello:
1190 2662 1330 2739 euinque
1354 2644 1423 2714 illas
1443 2650 1613 2722 Romano.

281 2747 358 2792 rum
386 2720 532 2821 reliquias
557 2752 672 2797 eorum
699 2733 800 2827 copiis
826 2756 896 2801 non
922 2730 1041 2833 poffim
1068 2761 1262 2833 opponere,
1296 2740 1470 2821 neceffario
1505 2749 1611 2822 barba·

277 2846 360 2906 rus,
386 2820 518 2913 illorum
543 2828 682 2901 imitatus
708 2830 922 2929 exemplum,
950 2829 1055 2907 fficios
1080 2838 1165 2910 mihi
1189 2838 1342 2944 adiungo.

888 2972 920 3068 §-
946 2994 1018 3065 475·

392 3127 596 3177 nourrzrm
623 3102 737 3179 milites
764 3104 948 3181 abeuntibus
977 3104 1111 3207 [legatis
1142 3138 1160 3183 a
1195 3115 1423 3190 Cantacuzeno
1455 3118 1498 3191 ad
1528 3122 1608 3193 Cra-
1621 3146 1702 3231 405,

210 3268 215 3281 .
274 3203 344 3279 lem
371 3206 485 3276 Pheras
511 3202 713 3279 obsidentem
737 3204 835 3279 missis
859 3211 923 3302 Pl]
949 3233 1177 3296 occurrentes,
1203 3237 1329 3312 partem
1363 3244 1479 3291 eorum
1513 3248 1607 3320 cepe·

274 3302 380 3387 runt,
406 3330 442 3375 ac
468 3307 560 3379 rebus
588 3308 695 3379 ablatis
721 3308 832 3405 pollea
856 3306 964 3380 nudos
991 3306 1200 3387 dimiserunt:
1222 3316 1425 3415 parsaltera,
1453 3324 1604 3394 omnibus

274 3408 394 3481 rclidlis
421 3404 662 3504 ,impedimentis
687 3434 764 3480 cum
789 3414 843 3481 vix
868 3404 1049 3508 effugisset,
1074 3412 1116 3487 ad
1142 3421 1374 3516 imperatorem
1400 3416 1525 3493 reuersa
1550 3422 1606 3503 cll.

276 3514 344 3609 Qui
370 3510 529 3580 maiorem
556 3515 590 3580 in
617 3506 756 3581 modum
789 3505 945 3591 irascens,
979 3510 1070 3609 quod
1103 3518 1186 3590 vrbis
1218 3520 1450 3615 [Pherarum]
1483 3528 1607 3621 pericu·

231 3640 241 3660 ·
274 3600 347 3684 lum
373 3606 519 3691 videbat,
552 3608 725 3710 quomodo
750 3614 898 3685 iniuriam
922 3617 1100 3689 maximam
1127 3644 1145 3689 a
1179 3622 1369 3699 Momitzilo
1403 3618 1606 3726 persequere

275 3734 331 3787 tur
355 3710 535 3813 quaerebat·

877 3816 1009 3913 surb

756 3962 757 3965 ,
837 3972 865 4021 a·
923 4007 931 4025 ⁸

382 4066 607 4167 [arcuatum
631 4067 742 4139 ioniae
768 3954 923 4168 l'atuapa,C
937 3974 1184 4155 aldbertus.
1210 4070 1332 4166 Lydiae
1347 4068 1489 4176 satrapae
1500 4074 1606 4176 filius]
1622 4123 1699 4196 407·-

280 4192 342 4269 per
353 4163 602 4268 Hellespontum
622 4194 699 4243 cum
725 4173 849 4344 uicesniss
871 4172 1181 4346 :qllitsumnmiflibus
1207 4180 1242 4247 in
1265 4176 1444 4251 Thraciam
1469 4177 1605 4379 Ἦίξ,

316 4472 387 4529 404.
412 4466 621 4517 carenacum
644 4452 687 4514 T.
713 4455 747 4515 11.
772 4477 804 4540 p.
834 4475 913 4535 594,
960 4458 1149 4542 principem,
1167 4452 1227 4540 sed
1243 4468 1274 4525 et
1284 4458 1499 4527 Alexandrum
1511 4466 1602 4533 Moe-

271 4554 333 4614 595.
662 4604 664 4609 ,
954 4541 1063 4625 surum
1089 4562 1220 4624 regam,
1244 4552 1398 4612 utrumuis
1420 4570 1476 4630 per
1487 4549 1597 4635 sceui·

316 4640 380 4699 405
405 4622 446 4685 ld.
471 4622 540 4683 ibid.
565 4642 594 4705 p.
630 4628 785 4699 ‘omne
817 4626 849 4686 it.
882 4645 911 4708 p.
961 4628 1052 4712 uersts
1076 4628 1227 4693 Romanis
1249 4632 1338 4706 fimus
1353 4652 1466 4715 parem
1495 4658 1600 4721 ,per-

271 4713 334 4773 612.
361 4717 419 4783 614.
452 4714 518 4782 696.
554 4724 582 4771 ct
611 4729 639 4790 p.
671 4716 732 4779 636.
762 4708 912 4791 [Galatae
964 4712 1108 4799 mouiffe,
1134 4724 1169 4776 ut
1182 4712 1244 4795 fibi
1265 4716 1360 4802 uestes
1370 4719 1490 4799 fierent.
1515 4723 1597 4786 Hiuc

273 4798 426 4879 cupientes
450 4794 487 4855 de
510 4797 632 4855 austere
663 4793 733 4857 belli
767 4816 795 4861 ct
823 4799 910 4859 causis
952 4798 1114 4885 sepesque
1128 4796 1264 4863 coactum
1278 4800 1597 4889 barbaricumssun
1668 4865 1670 4868 .

272 4879 477 4959 cognoscere,
503 4902 567 4942 cum
589 4880 701 4959 legates
734 4882 770 4943 ad
806 4886 909 4947 Canta-
961 4888 1090 4963 corum]
1112 4884 1254 4951 inuocare
1275 4891 1437 4953 auxilium.

271 4988 418 5030 cuzenurn
452 4964 625 5030 sciscitatum
663 4966 822 5047 nrisrlsent,
861 4971 908 5033 hic
1003 4982 1074 5047 406.
1098 4971 1139 5031 Id.
1165 4971 1237 5034 ibid.
1262 4995 1290 5056 p.
1316 4982 1454 5051 615,6r6.

272 5057 353 5117 inter
378 5052 434 5115 alia
459 5051 529 5134 ait]
552 5056 619 5118 illos
643 5052 837 5133 [Byzantios]
856 5056 910 5124 da.
998 5058 1049 5143 p)
1076 5057 1151 5118 Vide
1165 5058 1301 5138 ‘Seruius
1324 5059 1358 5143 pl.
1389 5082 1458 5131 eor.

272 5151 311 5207 tu
329 5144 455 5224 pecunia
478 5149 509 5205 et
536 5137 663 5204 urbibus
688 5144 920 5227 propinatis..
1007 5144 1237 5223 407.1d.ibid;
1263 5168 1293 5233 p.
1323 5156 1398 5237 649.ί

274 5248 336 5295 neu
361 5226 481 5295 cautem
506 5216 683 5309 duntaxat,
710 5226 917 5299 Triballorum
