4642 6992
727 1184 801 1259 mo
1154 1164 1647 1243 BVL‘GARICORVM

428 1266 433 1273 ’
478 1246 614 1361 'hm
665 1288 719 1337 ro·

510 1379 611 1435 auur
648 1362 748 1467 Pas
869 1345 878 1359 ⁸
1200 1396 1230 1442 a.
1255 1373 1297 1443 C.
1326 1388 1559 1461 1347-1350.
1696 1458 1701 1463 Ι

436 1556 438 1563 >
509 1462 691 1606 {xxm
726 1482 845 1587 laetitia
868 1498 934 1577 diet
958 1496 1054 1575 fellus
1082 1520 1250 1601 ageretur,
1275 1500 1473 1606 plurimique
1498 1497 1649 1573 mortalet
1666 1494 1796 1574 aliunde
1808 1497 2010 1589 concurrissent,

634 1642 641 1649 ·
726 1612 807 1685 dum
835 1633 893 1707 per
919 1631 975 1676 eos
1000 1600 1131 1686 transit,
1155 1604 1265 1703 legatis
1290 1606 1494 1702 imperatoris
1520 1599 1807 1702 prosequentibus,
1831 1630 1949 1689 omnet,
1967 1602 2008 1679 lm

724 1718 845 1814 quique
868 1706 977 1806 lingua
990 1760 1005 1789 ,
1027 1703 1265 1779 acclamarunt,
1290 1711 1520 1779 Cantacuzeno
1544 1701 1793 1803 gratificandum
1818 1732 1872 1801 per
1892 1712 2008 1792 omnia,

723 1836 755 1889 et
782 1806 982 1887 omnimodis
1007 1833 1122 1905 pacem
1150 1834 1227 1879 curn
1250 1832 1292 1879 eo
1317 1801 1583 1895 conficiendam:
1606 1832 1672 1883 ne,
1696 1802 1723 1877 fi
1749 1813 1773 1878 ir
1797 1805 1834 1877 ad
1846 1804 1949 1880 bellum
1959 1814 2011 1879 iui-

724 1936 834 2001 tetur,
861 1907 922 2008 ipsi
949 1908 1158 1987 barbarorum
1183 1904 1298 2011 gladiis
1328 1912 1511 1979 intereunte
1542 1927 1575 1980 et
1607 1908 1744 1979 orabant
1776 1914 1846 1983 voti
1871 1918 2009 2008 compotis

722 2016 805 2095 fieri.
854 2008 1044 2085 Alexandro
1067 2030 1174 2108 autem
1200 2012 1322 2111 legatos
1347 2014 1595 2108 interrogante,
1616 2007 1737 2108 ecquid
1760 2010 1864 2081 audita
1889 2010 2013 2110 intellige·

722 2140 819 2205 reut;
847 2142 923 2189 cum
949 2106 1138 2213 negassent,
1164 2116 1290 2185 Graece
1315 2110 1373 2183 illis
1399 2115 1622 2208 iuterpretatur
1657 2112 1733 2194 ell,
1765 2109 1930 2213 populique
1954 2119 2015 2208 peti·

726 2224 853 2297 tionem
879 2242 941 2313 pro
968 2240 1030 2312 aug
1046 2219 1103 2285 rio
1133 2220 1283 2285 maximo
1307 2212 1441 2295 habuit,
1468 2214 1550 2283 bene
1584 2209 1656 2311 ipsis
1690 2240 1762 2285 rem
1795 2210 2012 2311 processuramz

751 2316 821 2392 uod
849 2322 943 2388 etiam
969 2342 988 2387 a
1012 2318 1144 2387 nemine
1169 2320 1408 2413 interrogatur,
1435 2340 1521 2413 quae·
1543 2311 1604 2385 libi·
1633 2314 1851 2412 expedirent,
1875 2310 2013 2386 suafill'et:

770 2424 894 2521 tintque
919 2436 952 2488 et
974 2410 1039 2515 ipse
1065 2420 1175 2517 periris
1195 2411 1405 2516 suffragatus,
1429 2416 1553 2515 legatos
1567 2412 1701 2489 dimisit.

825 2590 1033 2680 Imperator,
1055 2574 1261 2681 cognoscens.
1281 2578 1508 2657 Alexandrum
1533 2584 1715 2653 hortationi
1738 2576 1814 2654 lirae
1831 2582 2015 2680 benignaru-

722 2708 777 2758 res‘
800 2676 1050 2771 commodasse,
1075 2704 1107 2756 et
1132 2682 1215 2755 uelle
1239 2690 1410 2781 pecuniam
1436 2681 1480 2754 ad·
1502 2704 1690 2781 apparatum
1720 2680 1888 2765 conferre,
1915 2683 2014 2752 mirali-

722 2784 794 2859 liter
842 2781 942 2858 auisus
969 2784 1032 2868 eli,
1059 2803 1166 2866 ratus,
1190 2778 1222 2855 se
1247 2784 1337 2883 posse
1362 2786 1509 2857 barbaros
1534 2788 1732 2883 reprimere,
1759 2812 1801 2857 ne
1826 2788 1972 2857 Romanos
1988 2803 2013 2855 et

723 2814 858 2961 Moesis
891 2882 1084 2959 incursando
1116 2884 1302 2971 vallarent,
1334 2908 1366 2961 et
1396 2891 1525 2987 accingi·
1554 2884 1601 2959 ad
1626 2883 1873 2985 expeditionem
1894 2876 2014 2959 naualem

722 2989 864 3063 barbaris.
884 2985 1101 3089 prohibendis
1121 2985 1365 3105 conilituitff.

1331 3176 1367 3273 §.
1388 3186 1468 3263 487·

828 3318 1002 3388 Caetetmn
1028 3306 1143 3383 Moesi
1165 3304 1319 3412 promissit
1345 3316 1434 3385 venti
1459 3328 1664 3409 rapueruntr
1682 3302 1836 3385 nondiu
1858 3312 1937 3381 enim
1960 3308 2014 3409 pol

726 3440 792 3514 per
812 3412 934 3517 legatos
960 3410 1000 3484 de
1025 3418 1164 3511 pecunia
1188 3411 1341 3485 collatitio
1361 3415 1552 3485 remtiauit.
1603 3406 1735 3484 Craletn
1760 3415 1903 3508 quippe,
1921 3440 1950 3485 re
1974 3440 2017 3483 au-

649 3521 722 3612 '415-
730 3514 814 3601 dita,
840 3544 909 3591 uon
935 3510 1052 3587 leuiter
1073 3509 1332 3613 reprehendisse,
1359 3512 1451 3614 quod
1477 3516 1594 3587 tributa
1623 3516 1791 3585 Romanis-
1815 3509 1893 3581 ultro
1922 3518 2013 3611 promi

726 3614 833 3701 sisset,
858 3639 912 3701 et,
939 3643 1026 3714 quae·
1048 3620 1143 3687 armis
1172 3618 1322 3689 obtinete
1343 3622 1588 3689 Cantacuzenuu
1612 3618 1784 3711 nequiret,
1807 3614 1882 3682 haec
1904 3613 1951 3687 fibi
1972 3612 2015 3685 do·

722 3718 758 3795 lo
784 3717 963 3817 persuaderi
988 3712 1182 3790 sustinuisset.
1232 3722 1341 3804 Quare
1364 3713 1396 3789 Ae
1421 3713 1575 3816 promissa
1589 3770 1608 3807 „
1626 3736 1760 3789 tantum
1781 3711 1912 3788 dedecor
1933 3713 2018 3787 fibitr

713 3826 834 3923 -gpneri
859 3818 921 3895 suo
941 3822 1098 3891 intuentia
1110 3870 1127 3902 ,
1146 3814 1331 3919 persoluere
1354 3844 1425 3892 non
1449 3814 1551 3919 posse

751 4008 755 4014 ·
825 3988 900 4059 Hac
929 3980 974 4056 de
996 3979 1084 4057 causa
1110 4011 1182 4057 uou
1204 4012 1326 4084 patum.
1345 3982 1530 4086 indignatur
1556 3986 1755 4081 imperator,
1782 3972 2015 4080 docereaggrel·

723 4076 772 4157 sus
798 4086 866 4179 est,
894 4082 1007 4169 suam,
1033 4076 1137 4185 quam'
1159 4088 1289 4178 Cralis,
1313 4084 1573 4159 admonitionem
1599 4084 1643 4158 illi
1665 4078 1912 4181 srudiuoliorem
1938 4078 2011 4151 sore:

726 4190 802 4285 qui,
830 4210 864 4259 vt
889 4190 995 4259 homo
1027 4184 1154 4257 iuuidus
1186 4208 1224 4260 et·
1246 4182 1447 4272 seditiosus,
1473 4186 1602 4285 semper
1633 4213 1670 4257 ea
1701 4184 1872 4260 disturbare
1901 4188 2012 4260 niem,

725 4310 809 4385 quiae
836 4282 902 4384 'ipsi
940 4284 1128 4359 Alexandro
1160 4292 1298 4386 eiusque
1325 4288 1459 4392 populo>
1487 4288 1585 4363 valde
1614 4286 1817 4361 condudiura
1846 4286 1911 4359 lint.
1953 4286 2014 4355 Noa

725 4390 813 4459 enim
839 4384 1069 4461 Alexandrum.
1093 4386 1208 4459 tributa
1234 4388 1403 4487 pendere,
1428 4412 1463 4465 vt
1494 4391 1551 4463 ille·
1579 4385 1799 4463 fraudulentus
1830 4378 2018 4461 commitiset-

724 4506 799 4578 tur3
826 4482 879 4561 sed
906 4493 940 4561 in
967 4490 1058 4559 rebus
1084 4492 1225 4585 imperio
1249 4487 1430 4564 necessariis
1453 4492 1616 4565 collocare
1638 4497 1839 4590 pecuniam
1858 4484 1932 4569 ulfi,
1952 4508 2017 4583 <3¹¹²ss

726 4583 787 4665 liris
813 4586 950 4689 ipsemet
976 4590 1125 4663 militibus
1152 4590 1308 4691 stipendia
1330 4589 1451 4675 soluit,
1474 4596 1589 4667 tributa
1608 4592 1774 4674 ,nominet
1824 4597 1937 4665 Verum
1952 4581 2017 4656 nihi

726 4690 849 4765 lurum
877 4690 918 4763 ad
944 4692 1166 4765 Alexandrum
1193 4692 1415 4769 inducendum
1440 4689 1512 4769 satir
1545 4694 1675 4769 valebat
1725 4702 1899 4795 imperator
1931 4687 2017 4757 immi·

727 4814 862 4866 nentem
889 4822 907 4865 a
932 4795 1072 4867 barbaris
1095 4793 1220 4869 cladem
1246 4805 1275 4870 ei
1300 4796 1510 4897 praedicens,
1533 4820 1567 4871 et
1589 4796 1779 4879 testificans,
1805 4816 1885 4870 trine
1906 4808 2020 4889 propiet

678 4982 689 4993 ,
726 4892 824 4973 nam
846 4900 1025 4997 amemiam
1045 4896 1264 4997 poenitudine·
1282 4903 1410 4977 radium
1429 4904 1498 4989 iri,
1516 4896 1657 5005 quando
1673 4904 1846 5004 poenitere
1855 4879 2016 5006 tibiipsi<l

1946 5005 2015 5075 ⁶32

466 5148 1140 5281 ‘sfissffifflpm

1109 5340 1119 5378 t
