4642 6992
731 1204 811 1293 ,aaz
1008 1230 1016 1245 -
1180 1145 1604 1267 sunvrconvst

513 1319 724 1410 fmppnonn-
781 1369 786 1379 ,

515 1426 565 1475 nr
595 1406 667 1473 Pal.
1007 1422 1013 1430 ’
1215 1412 1246 1465 a.
1282 1395 1551 1481 (21348-—1357
1596 1432 1599 1441 ι

516 1508 660 1559 mm
702 1573 705 1579 >
738 1524 829 1603 breui
855 1538 1082 1618 componere,
1114 1538 1192 1617 quas
1217 1516 1413 1617 cataphracti
1445 1538 1478 1587 et
1504 1503 1637 1611 quidam
1662 1498 1744 1599 leuis
1765 1519 1944 1575 mnannae
1970 1504 2030 1583 tol·

519 1580 646 1653 ema
738 1628 864 1711 lentes,
899 1622 1106 1696 Berrhoeotis
1140 1644 1218 1689 cunt
1242 1616 1427 1692 Marzelato
1460 1612 1617 1692 ducibus,
1652 1610 1751 1680 muris
1784 1604 2031 1715 applicueruut,
2152 1598 2153 1627 ¹

740 1727 914 1831 oppidanis
938 1720 979 1795 ad
1004 1750 1109 1798 vnum
1143 1720 1389 1821 ignorantibus:
1423 1713 1547 1816 ipstque
1573 1714 1694 1812 primi,
1727 1705 1844 1780 deinde
1870 1712 2040 1809 utriusque

635 1846 703 1929 185·
739 1849 920 1905 armaturae
944 1823 1060 1899 milites
1084 1816 1303 1897 ascenderunt
1356 1824 1539 1919 Imperator
1565 1834 1601 1889 vt
1627 1806 1701 1885 suos
1734 1814 1818 1883 intus
1844 1804 1908 1886 effe
1943 1835 2033 1884 com·

763 1937 846 2017 erit,
880 1924 988 2005 diuifis
1011 1930 1139 2027 copiis,
1175 1918 1240 2023 ipse
1267 1927 1440 1997 Romanos
1465 1946 1483 1992 e
1507 1921 1586 1990 uites
1620 1910 1806 2015 peditesque
1838 1906 1959 1984 ducens
1992 1908 2033 1984 ad

686 2025 688 2028 ⁵
735 1960 833 2122 lentas
858 2026 1031 2133 proceffit:
1053 2029 1202 2101 barbaros
1229 2052 1305 2099 cum
1331 2023 1504 2124 reliquisR
1529 2016 1631 2091 martis
1657 2042 1765 2089 arcem
1794 2008 1912 2085 adoriri
1939 2010 2031 2097 iuffit,
2059 2070 2062 2075 -

736 2157 791 2220 vt,
815 2132 959 2236 pluribus
986 2157 1029 2205 ex
1056 2130 1197 2229 partibus
1209 2125 1415 2215 inuadent'es,
1435 2142 1594 2197 terrorem
1605 2116 1764 2219 indigenis
1780 2112 1943 2188 afferrent.
1969 2120 2034 2219 Qi

633 2240 637 2245 ’
731 2240 821 2314 intus
845 2240 913 2309 iam
936 2255 1028 2312 erant
1051 2232 1193 2316 milites,
1227 2234 1374 2329 primum
1399 2222 1535 2327 quidem
1560 2228 1593 2293 in
1621 2216 1783 2320 quosdam
1815 2214 1965 2289 cussodes
1987 2224 2034 2291 in·

735 2336 906 2421 sidentes,
939 2360 997 2408 eos
1027 2329 1373 2433 comprehendebant,
1407 2346 1622 2427 mortemque
1662 2320 1972 2400 intermittebantur,
2007 2316 2033 2393 li

622 2522 628 2532 ,
734 2453 856 2517 vocem
883 2435 1025 2512 ederent
1076 2433 1205 2511 Deinde
1239 2460 1316 2507 cum
1349 2428 1395 2503 ad
1428 2448 1560 2528 portam
1593 2420 1821 2524 Opstccianam
1857 2414 2034 2506 venillent,

733 2540 814 2628 alios
838 2534 1011 2623 custodes,
1036 2534 1239 2636 eosdemque
1264 2540 1372 2617 ciues,
1405 2524 1638 2617 offenderunt,
1672 2550 1756 2629 quos
1789 2520 1831 2596 ad
1863 2516 1895 2596 se
1926 2526 2035 2605 iuuan-

733 2641 796 2731 dos
821 2643 995 2738 vectesque
1021 2634 1261 2739 diffringendos
1287 2638 1410 2713 hortati
1431 2627 1513 2705 sunt
1566 2631 1703 2705 uittam
1733 2652 1771 2698 ac
1802 2621 1939 2699 facium.
1989 2624 2035 2699 Illi

731 2748 836 2847 portis
859 2744 975 2841 apertis
1010 2744 1245 2839 imperatorem
1274 2740 1508 2811 intromittunt.
1597 2741 1646 2817 ui,
1679 2734 1875 2831 optimatum
1913 2752 2035 2823 paucos

695 2854 697 2857 ⁴
734 2842 824 2945 apud
848 2864 979 2944 portant
1004 2836 1117 2916 secum
1149 2846 1316 2923 retinens,
1348 2838 1427 2912 alios
1458 2829 1614 2908 introrsus
1646 2836 1693 2906 ire
1723 2850 1858 2903 etcum
1885 2830 2034 2902 Triballis

634 2998 637 3006 ·
735 2946 881 3024 hollibus
906 2943 1062 3017 dimicare
1087 2940 1193 3017 iuffit:
1228 2939 1270 3015 ad
1303 2966 1387 3042 quos
1421 2932 1607 3037 perdendos
1638 2929 1697 3013 soli
1722 2932 1848 3005 incolae
1872 2924 1917 3003 sat
1946 2931 2035 3007 multi

733 3067 834 3124 erant
885 3050 935 3120 Vt
957 3050 1050 3119 enim
1077 3048 1159 3117 intra
1183 3047 1317 3117 moenia
1341 3045 1574 3139 imperatorem
1608 3033 1670 3110 elle
1705 3052 1957 3134 cognouerant,
1989 3058 2037 3105 ac·

735 3149 931 3224 clamatione
955 3145 1058 3221 fausta
1083 3173 1160 3222 eum
1194 3143 1358 3247 prodente
1395 3142 1572 3223 omnibus,
1607 3138 1711 3228 statim
1746 3142 1780 3207 in
1805 3132 1970 3213 Triballos
2000 3142 2038 3208 ir.

734 3271 889 3337 ruentes,
921 3247 1088 3328 facultates
1116 3247 1255 3327 dlomm
1288 3242 1506 3347 diripiebant,
1537 3260 1571 3317 et
1599 3237 1687 3317 forte
1721 3256 1926 3315 occurentes
1957 3242 2035 3341 capi.

683 3361 686 3366 ’
737 3352 841 3435 ebant
1465 3368 1466 3373 ’

648 3487 651 3497 ·
1323 3448 1359 3551 5.
1395 3473 1465 3540 223.

845 3596 1006 3681 Triballi,
1040 3595 1154 3670 vrbem
1183 3614 1314 3695 captam
1336 3592 1660 3677 animaduertentes,
1697 3598 1845 3695 primurn
1877 3592 1918 3669 ad
1953 3620 2036 3694 prae·

738 3693 846 3777 laetos
871 3726 949 3773 cum
973 3704 1071 3770 armis
1096 3691 1240 3797 rudique
1257 3718 1514 3782 concurrerint,
1539 3718 1575 3771 vt
1597 3693 1903 3787 eos-defenderent,
1931 3694 1957 3770 li
1969 3690 2035 3797 pos-

739 3793 836 3885 sent,
860 3818 916 3876 ent
939 3801 1043 3900 portis
1069 3793 1159 3897 apud
1184 3823 1292 3871 arcem
1317 3805 1433 3898 apertis
1460 3796 1538 3873 aufu
1562 3816 1662 3875 erent.
1694 3800 1836 3873 Barbaria
1860 3819 2035 3873 autemut*

742 3920 793 3975 tra
818 3899 928 3975 arcem
951 3900 1074 3973 laetum
1098 3894 1370 3986 vociferantibus,
1397 3902 1502 3977 llatirn
1526 3827 1625 3977 ldlute
1648 3896 1794 3975 fitnditus
1816 3898 1980 4001 desperata
1999 3900 2036 3972 ab

744 4007 835 4103 equis
861 3997 1114 4085 descendentes,
1139 4025 1217 4075 etun
1243 4001 1348 4078 liberis
1372 4024 1404 4077 et
1428 4004 1606 4087 viroribus,
1643 4008 1772 4077 caeteris
1797 4004 1976 4109 negletlis,
2004 4005 2038 4073 in

742 4128 855 4179 arcem
885 4100 1115 4202 confugerunt.
1167 4106 1256 4179 Cum
1291 4132 1393 4205 porro
1429 4104 1521 4185 multi
1557 4102 1657 4179 ell'cnt
1688 4102 1843 4204 praefedli
1876 4106 2037 4185 militum,

743 4210 894 4307 (triginta
920 4202 1072 4281 videlicet
1094 4202 1242 4291 nobiles,
1273 4208 1425 4283 babentes
1450 4232 1568 4283 uxores
1602 4232 1640 4283 ac
1663 4208 1821 4301 liberos,)
1848 4208 1965 4282 milites
1989 4232 2039 4278 au·

741 4329 813 4383 tem
838 4306 928 4383 mille
954 4310 1146 4408 quingenti,
1173 4312 1331 4406 quoniam
1357 4314 1435 4383 arcis
1458 4314 1546 4383 muri
1570 4328 1603 4382 et
1627 4330 1729 4381 nutes
1755 4306 1909 4383 nandum
1943 4326 2039 4383 extre·

717 4436 723 4441 ·
745 4436 839 4488 mam
864 4435 1004 4485 manum
1023 4428 1235 4506 acceperant,
1260 4406 1414 4509 praefecti
1440 4417 1529 4485 ctrir's'
1545 4412 1780 4513 coningibuset
1796 4410 1868 4485 liliis
1892 4416 1927 4484 in
1942 4436 2037 4486 tuam

745 4516 862 4588 turrim
888 4506 959 4584 satis
984 4508 1081 4586 altam
1106 4504 1139 4583 se
1165 4508 1377 4587 abdidertnrtt
1401 4510 1444 4587 de
1467 4512 1619 4587 militibus
1635 4512 1685 4585 alii
1702 4513 1838 4615 quidem
1854 4540 1939 4588 mox
1952 4538 2037 4586 com·

746 4611 1029 4717 prebendebantr,
1060 4612 1112 4688 alii
1143 4615 1179 4685 in
1205 4610 1334 4690 aedibus
1369 4616 1409 4690 ab
1439 4618 1548 4689 amicis
1581 4614 1832 4695 occultabantur.
1887 4616 2038 4691 Germani

746 4714 879 4794 alteram
905 4741 1041 4801 arcem,
1073 4738 1156 4817 qnae
1181 4713 1224 4789 ad
1247 4738 1379 4817 portam
1405 4726 1528 4819 regiam
1554 4738 1641 4804 erat,
1674 4714 1734 4792 soli
1758 4720 1950 4801 urebantur:
1983 4714 2039 4787 alia
2152 4772 2153 4785 2

747 4814 946 4903 multitudo,
971 4824 1222 4916 operariorum,
1247 4840 1283 4895 vt
1307 4816 1490 4905 serebatur,
1516 4818 1587 4922 plus
1613 4818 1729 4895 de'cem
1755 4821 1876 4906 millia,
1902 4848 1944 4897 ex
1973 4835 2037 4891 tota

670 4947 682 4961 ¹
749 4918 850 4995 cratis
876 4924 1049 5022 prouincia
1076 4918 1119 4995 ad
1143 4924 1224 4993 arcis
1249 4918 1511 4997 aedificationem
1537 4922 1692 5010 colledla,
1718 4944 1810 4997 extra
1834 4949 1947 4998 muros
1972 4944 2036 4991 rna-
2086 4974 2090 4983 .

747 5046 855 5147 nens,-
886 5024 942 5100 tbi
966 5021 1118 5099 barbaros
1144 5014 1264 5112 leniit,
1296 5030 1394 5109 etiam
1425 5044 1498 5103 tum
1529 5025 1667 5105 nabibus
1698 5030 1825 5131 magnis
1859 5023 1901 5103 ad
1928 5046 2036 5101 muros

788 5251 1151 5344 mmmmm
