4642 6992
515 1248 593 1448 ω
724 1251 784 1326 ιε
1148 1198 1572 1330 concuterentur¹

593 1373 689 1422 d!-
821 1369 826 1376 ’

519 1459 684 1514 buourco
1038 1507 1045 1517 ,
1267 1458 1296 1509 ι
1320 1436 1361 1510 C.
1385 1419 1474 1527 mos.
1502 1490 1504 1501 .

513 1532 586 1603 δ’*
653 1613 656 1622 2
724 1568 783 1645 hae
807 1580 875 1640 erat
898 1529 1116 1662 promissum,
1139 1555 1261 1630 itomm
1283 1559 1318 1628 iu
1341 1549 1575 1662 fruendorum
1602 1547 1874 1652 [Macedonum]
1893 1543 2018 1638 'metui'

723 1667 831 1771 polim
862 1668 1118 1760 imperatorem,
1143 1683 1252 1756 eoque
1276 1661 1359 1730 mox'
1384 1653 1431 1740 ad
1452 1655 1544 1728 isium
1557 1675 1730 1729 venturum
1748 1654 1904 1742 Craiem,
1929 1685 2019 1758 prae.

723 1764 815 1844 missa
841 1760 925 1864 ipsi,
956 1787 1055 1862 quam
1080 1785 1168 1832 nuuc
1194 1762 1265 1832 vice
1295 1761 1442 1856 coniugis
1481 1756 1636 1852 haberet,
1668 1753 1734 1828 fisia
1757 1759 1927 1830 Terteris:
1962 1759 2019 1835 de·

722 1867 867 1944 diurutm
894 1869 992 1936 etiam
1016 1857 1126 1934 eidem
1151 1863 1378 1948 Coeanitzam3
1392 1945 1393 1950 ἵ
1408 1881 1536 1956 proque
1563 1854 1621 1926 illis
1647 1855 1781 1930 uicissim
1805 1879 2017 1958 accepturum

721 1968 858 2068 Arrgussi
882 1964 1008 2048 tisiam
1032 1987 1132 2064 quam
1157 1957 1364 2038 Simonidem
1390 1962 1534 2132 proprio
1568 1960 1712 2030 Romani
1744 1963 1882 2033 nomine
1915 1987 2013 2035 voca·

709 2073 920 2157 -baotaeam
947 2070 983 2137 in
1008 2060 1113 2136 domo
1138 2059 1246 2136 Crasio'
1265 2057 1389 2134 educan
1414 2085 1468 2132 arn
1495 2085 1529 2132 vs
1553 2084 1595 2130 ue
1618 2057 1829 2134 ad-nubisem
1857 2081 2014 2152 aetatem3

721 2191 821 2270 atqua
843 2163 949 2266 ipsum
978 2169 1106 2237 interim
1130 2183 1163 2236 et
1188 2189 1230 2236 ex
1253 2182 1332 2236 tunc
1356 2160 1414 2238 fflii
1437 2085 1658 2249 necessitudini
1691 2179 1725 2233 et
1749 2159 1934 2248 indiuiduae
1965 2167 2015 2237 in·

719 2277 793 2346 timi
817 2272 914 2341 amici
940 2261 1083 2342 societati
1106 2257 1361 2341 consentaneum
1387 2265 1507 2364 gratiae
1529 2259 1645 2336 soetun
1668 2257 1756 2364 apud
1780 2265 2015 2364 imperatorem

725 2373 921 2451 habiturum.

1314 2467 1346 2568 §-
1369 2492 1423 2563 90·

1263 2615 1472 2704 aC.1299.
1509 2677 1512 2700 ,

625 2731 687 2825 64.
829 2733 968 2829 [Hieme
992 2729 1200 2834 rigidiffima,
1234 2760 1316 2835 quae
1340 2761 1382 2808 eo
1409 2759 1522 2818 anuo,
1549 2756 1617 2834 quo
1645 2732 1721 2804 inita
1747 2724 1794 2803 es'r
1819 2725 2016 2818 cum'Crase'

622 2901 627 2911 .
717 2833 846 2907 Serbiae
877 2828 1087 2916 conuento,
1124 2839 1266 2934 ingruit,
1300 2863 1383 2908 cum
1417 2833 1614 2934 aliquamdiu
1646 2831 1792 2906 decretae
1825 2835 2013 2933 imperatori

718 2929 987 3006 Thessalonicam
1012 2930 1119 3009 versus
1146 2934 1359 3036 expeditionis
1374 2933 1473 3008 *diem
1498 2929 1714 3029 diffudiffet]:
1742 2929 1876 3006 tandem
1900 2953 2011 3008 tamen

715 3029 828 3108 mense
852 3036 1025 3108 Februario
1053 3039 1184 3108 ineunte
1208 3033 1368 3136 'proficisci
1394 3035 1609 3109 cousiituit-.
1635 3037 1739 3108 Tunc
1762 3038 1860 3134 igitur
1879 3031 2014 3132 uespere

720 3129 928 3218 rarescens,
987 3132 1097 3208 uando
1121 3141 1187 3208 iam
1217 3165 1258 3210 ex
1291 3164 1388 3212 more
1418 3143 1552 3236 antiquo
1585 3131 1626 3208 ad
1659 3131 2012 3212 commemorationem

721 3257 937 3312 mortuorum
960 3161 1046 3311 sbcea
1070 3233 1348 3323 accendebantur,
1385 3241 1462 3312 exiit
1493 3240 1571 3310 vrbe
1603 3240 1804 3336 imperator,
1840 3241 2015 3337 Dripeam·
2054 3271 2057 3275 ·

720 3362 789 3439 que
812 3333 846 3409 se
871 3335 1060 3410 contulit-.
1085 3343 1222 3413 Ioannea
1248 3360 1357 3413 autem
1383 3358 1460 3412 tunc
1487 3339 1665 3437 patriarcha
1700 3339 1821 3438 [quem
1845 3333 1899 3410 sua
1930 3336 2014 3410 cela-
2195 3427 2196 3434 ἵ

719 3458 771 3511 rat
795 3435 926 3513 consilia
950 3442 1149 3538 imperator]
1173 3441 1251 3513 vrbe
1270 3438 1416 3540 prodiit,
1452 3435 1556 3538 specie
1581 3435 1715 3538 quidem
1750 3434 1895 3513 officiose
1926 3437 2013 3514 vase·
2195 3439 2196 3526 ζ

595 3568 602 3579 ·
719 3535 872 3625 dicendi,
902 3533 997 3639 atque
1022 3543 1058 3610 in
1083 3537 1221 3640 rigreffu
1247 3543 1329 3614 bene
1359 3538 1513 3640 precandi
1544 3543 1715 3638 procindio
1747 3537 1787 3610 ad
1815 3545 1875 3612 iter
1897 3547 2012 3641 Augu·
2096 3535 2101 3542 ’
2195 3533 2196 3554 ’

587 3650 594 3661 “
715 3637 793 3731 ss03
818 3667 929 3714 reuera
940 3661 1043 3712 certus
1057 3643 1085 3712 ei
1100 3639 1296 3734 dissuadere,
1321 3662 1477 3742 quantum
1492 3639 1612 3743 posset,
1638 3639 1722 3716 filiae
1738 3639 1911 3716 Simonidis
1931 3667 2011 3717 cum

716 3741 845 3813 Serbiae
870 3746 1018 3838 principe
1043 3746 1292 3816 matrimonium
1317 3741 1425 3814 mustis
1452 3739 1492 3814 de
1518 3739 1617 3813 causis
1642 3746 1883 3814 inconuenieus.
1926 3745 2011 3816 ‘tn'-

661 3869 679 3881 ⁶
716 3865 814 3916 mum
840 3845 953 3923 enim,
981 3837 1072 3940 quod
1098 3843 1283 3942 exigebatur
1307 3871 1326 3914 a
1352 3841 1470 3926 erate,
1503 3863 1538 3918 vt
1562 3835 1717 3942 proderet
1743 3847 1788 3912 im
1815 3847 1930 3914 oratori
1955 3837 2008 3916 so·

714 3966 827 4016 rorem
851 3939 992 4034 [filiam]
1017 3943 1184 4026 Teneris,
1213 3941 1246 4016 id
1273 3971 1344 4018 non
1370 3941 1471 4017 videri
1497 3943 1565 4031 sieri
1592 3945 1631 4015 ab
1658 3969 1699 4016 eo
1725 3968 1771 4040 po
1797 3970 1816 4015 e
1842 3941 1909 4016 sine
1924 3963 2010 4024 atro,-

719 4046 750 4115 ci
782 4036 900 4126 scelere
933 4046 1086 4141 periurii:
1120 4041 1211 4143 quod
1244 4041 1313 4118 satis
1347 4043 1527 4129 constaret,
1561 4043 1652 4116 illum
1679 4042 1782 4117 fidem
1807 4043 1855 4115 issi
1880 4045 2009 4117 mulieri

716 4139 808 4216 suam
833 4139 1004 4216 horrendis
1037 4142 1219 4219 adstrictam
1255 4145 1503 4218 adiurationibus
1541 4141 1669 4218 dedisse.
1720 4147 1793 4216 Nec
1827 4171 1905 4220 vero
1937 4141 2010 4218 satit

715 4244 923 4344 exploratum
949 4245 1081 4328 haberi,
1109 4245 1228 4319 essetne
1252 4250 1377 4320 irritum
1404 4247 1505 4320 Crasis
1537 4273 1613 4318 cum
1643 4273 1681 4318 ea
1706 4241 1828 4318 semina
1862 4250 2009 4347 coniugi·

616 4406 618 4409 .
716 4371 801 4429 um,
826 4341 917 4444 quod
942 4340 1021 4419 scire
1045 4345 1077 4419 se
1102 4343 1195 4436 fuisse
1218 4346 1362 4448 legitime
1390 4351 1594 4438 contrabium
1618 4368 1722 4419 mater
1749 4347 1849 4419 Cresia·
1866 4346 2007 4419 affirma·

676 4488 679 4496 .
713 4465 784 4523 ret
825 4443 959 4518 Adhaec
984 4447 1235 4545 virgunculam,
1267 4475 1349 4548 quae
1374 4451 1451 4520 huic
1476 4449 1601 4522 mulieri
1626 4443 1882 4531 substitueretur,
1910 4449 2007 4542 psane

626 4605 630 4610 =
700 4543 815 4622 aidau
841 4540 973 4620 sexenni
999 4568 1100 4620 aetate
1125 4550 1292 4624 connubio
1318 4549 1583 4647 intempestiuum.
1610 4547 1779 4622 Postremo
1804 4544 1926 4621 eaferri
1943 4544 2005 4621 ser-

581 4669 592 4676 ’
711 4647 865 4724 monibus
890 4649 1068 4720 hominum
1094 4645 1137 4724 de
1161 4649 1354 4746 portentosis
1380 4652 1468 4724 Serbi
1494 4649 1640 4750 flagitiis,
1665 4675 1748 4749 quae
1771 4646 1932 4724 deterrere
1943 4654 2005 4723 im·

712 4766 898 4848 potatorem
923 4745 1076 4821 deberent
1099 4776 1117 4820 a
1141 4749 1205 4822 fitia·
1230 4758 1258 4822 ei
1284 4757 1415 4850 propria
1440 4749 1617 4838 tradendar3
1652 4755 1696 4824 vti
1720 4777 1762 4822 ue
1779 4769 1857 4824 ‚tam
1892 4749 2004 4850 proffi-

714 4852 780 4949 gati
802 4844 935 4946 pudoris
958 4851 1111 4931 homini,
1135 4870 1171 4922 vt
1194 4848 1339 4926 fratriam
1366 4847 1486 4934 suam,
1518 4857 1665 4952 germani
1696 4777 1742 4922 sui
1775 4857 1905 4924 maiorit
1936 4855 2003 4926 Sto

715 4953 818 5046 phani
843 4973 1006 5032 uxorem,
1031 4947 1234 5050 eandemque
1267 4947 1415 5028 sororem
1449 4947 1621 5026 defundiae
1658 4950 1854 5052 Augustae²
1892 4957 2004 5024 matria
2195 5009 2196 5016 κ

652 5142 655 5148 ⁵
716 5045 854 5154 Augusti
877 5052 1022 5134 iunioriu
1038 5057 1131 5147 (erat
1157 5056 1246 5127 enim
1272 5073 1404 5153 utraque
1438 5049 1503 5125 filia
1533 5058 1617 5156 regis
1649 5055 1848 5154 Vngariae)
1879 5049 2008 5233 negffi
2081 5091 2088 5096 ·
2195 5053 2196 5118 ἒ

585 5322 591 5344 ι
713 5219 812 5337 ’ὕφ
835 5223 1072 5315 eacueueries
1096 5242 1201 5318 Tell.
1223 5273 1254 5339 p.
1279 5267 1335 5330 183.
1359 5267 1426 5335 192,
1450 5267 1507 5330 193·
1608 5281 1611 5288 ⁴
