4642 6992
758 1202 822 1291 45⁶
927 1285 931 1291 V
1160 1162 1163 1169 ’
1209 1190 1598 1265 svuunurvu

761 1416 813 1471 tur
839 1388 1084 1475 commodum,
1117 1386 1299 1474 consenlit‚
1331 1411 1363 1465 et
1395 1390 1496 1469 fliam
1528 1388 1788 1489 Adrianopoliu‚
1825 1414 1894 1489 quo
1925 1406 1957 1462 et
1984 1390 2046 1465 Ale·

759 1496 884 1573 xander
908 1522 984 1567 cum
1011 1491 1163 1567 filiosuo
1190 1490 1337 1578 acceffst,
1364 1490 1506 1565 deduxit.
1555 1496 1684 1591 Nuptiis
1710 1493 1751 1563 ibi
1770 1491 1953 1583 celebratis,
1975 1512 2046 1567 ater·

761 1626 850 1701 que,
885 1594 1070 1671 Alexander
1095 1598 1319 1678 Ternobum‚
1353 1599 1529 1693 imperator
1562 1593 1894 1694 Constantinopolin,
1925 1616 2047 1667 reuene·

759 1721 845 1773 runt.
896 1702 963 1771 Sub
989 1701 1113 1769 initium
1140 1703 1267 1795 imperii
1293 1703 1423 1769 loannis
1447 1694 1654 1795 Palaeolo'gi‚
1679 1724 1705 1768 a.
1720 1700 1761 1777 C.
1788 1721 1872 1785 1341.
1900 1722 1984 1769 noua
2001 1723 2045 1767 ex·

762 1802 836 1876 stitit
871 1798 1074 1871 diffidiorurn
1110 1802 1282 1870 Romanos
1313 1804 1395 1873 inter
1426 1826 1464 1870 ae
1496 1796 1650 1897 Bulgaros
1685 1793 1785 1870 causa.
1826 1802 1939 1872 ·Tunc
1968 1804 2045 1871 enim

759 1898 946 1979 Alexander
969 1896 1177 1983 sisinnum,
1205 1898 1374 1976 Michaelis
1399 1926 1416 1971 e
1442 1904 1571 1971 Seruiae
1586 1896 1686 1971 Cralis
1712 1895 1830 1972 sorore'
1849 1900 1974 1983 filiurn,
2018 1904 2045 1969 ui

758 2010 907 2107 primum
938 2000 979 2073 ad
1007 2004 1143 2096 Scythas
1179 2003 1371 2095 [Tataros],
1393 2001 1466 2099 poll
1492 1996 1533 2071 ad
1561 2003 1732 2074 Romanos
1759 1996 1971 2103 confugerat,
1994 1926 2042 2073 Abi

694 2178 702 2185 ,
759 2102 1042 2203 dedi¹pollulauit
1091 2102 1206 2177 Multis
1232 2102 1273 2176 de
1298 2106 1361 2175 hac
1386 2129 1421 2173 re
1456 2108 1489 2173 in
1516 2120 1687 2203 utramque
1716 2122 1843 2200 partem
1876 2096 2043 2203 disputatis,

758 2234 836 2279 eum
864 2206 1155 2281 nullis-'Romanos
1181 2212 1292 2279 terreri
1325 2208 1421 2276 minis
1448 2202 1633 2278 Alexander
1663 2200 1813 2287 videret,
1846 2230 1865 2276 a
1898 2204 2043 2302 postularit

758 2306 896 2391 destitit,
922 2327 955 2379 et
979 2326 1138 2378 renouato
1166 2313 1266 2406 priori
1293 2300 1450 2391 foedere,
1483 2312 1517 2377 in
1543 2305 1723 2406 Bulgariam
1751 2308 1838 2379 abiit.
1885 2311 1986 2379 Enato
2007 2300 2025 2376 l
2034 2347 2045 2363 ·

758 2412 871 2511 quenti
896 2433 988 2480 anno
1021 2413 1181 2481 loannem
1215 2409 1277 2483 l’al.
1313 2412 1396 2481 inter
1428 2428 1460 2481 et
1485 2414 1642 2481 loannem
1676 2414 1940 2481 Cantacuzenum
1972 2406 2044 2479 ‘ciuili

716 2540 722 2552 ·
760 2509 871 2593 bello,
898 2505 1083 2583 Alexander
1109 2536 1198 2582 nunc
1221 2515 1278 2583 has
1304 2536 1393 2582 nune
1417 2510 1482 2583 illae
1507 2506 1695 2611 sequebatur·
1718 2513 1906 2609 partemin
1920 2506 1952 2582 id
1966 2514 2045 2583 vuire

757 2616 924 2694 intentio,
949 2630 1127 2684 uteorum
1153 2608 1283 2686 diffidiis
1310 2614 1343 2682 in
1371 2638 1440 2685 rem
1468 2606 1558 2683 suam
1584 2632 1747 2694 uteretur,
1773 2614 1945 2710 podiorum
1969 2636 1997 2683 er
2008 2615 2044 2681 iu·

756 2714 1009 2797 ramentorum,
1042 2714 1159 2812 'quibus
1184 2710 1215 2787 se
1241 2718 1367 2812 vtrique
1401 2712 1634 2797 obstrinxerat,
1671 2710 1810 2787 securus.
1861 2719 1908 2787 Ea
1940 2732 2044 2809 tempe·

756 2814 834 2889 state
860 2816 991 2897 Turni,
1016 2838 1100 2912 quos
1128 2817 1375 2888 Cantacuzeuus
1401 2813 1457 2888 fibi
1484 2814 1558 2889 belli
1582 2810 1686 2889 socios
1711 2812 1924 2897 adiunxerat,
1946 2813 2044 2911 Bulgag

757 2922 841 2991 riam
866 2912 988 3016 saepius
1010 2910 1210 2993 infestarunt.
1263 2924 1341 3016 Quo
1367 2914 1553 2989 Alexander
1578 2922 1681 3018 magis
1709 2914 1820 2989 adhuc
1836 2918 1875 2989 ab
1889 2920 1961 3014 imp.
1975 2918 2044 2987 Can·
2071 2934 2074 2941 ’

758 3038 919 3093 tacuzeno
944 3015 1156 3099 abalienatus,
1181 3026 1360 3099 Ioannem,
1386 3040 1544 3119 quantuni
1570 3022 1702 3118 potuit,
1727 3018 1853 3091 auxiliis
1877 3022 1961 3089 iuuit.
1984 3012 2044 3090 Ale

761 3116 890 3215 xandrq
917 3116 1055 3191 demum
1083 3122 1167 3192 circa
1203 3150 1229 3195 a
1256 3124 1295 3195 C.
1324 3144 1403 3208 rato.
1436 3116 1505 3193 fatis
1538 3116 1655 3194 fundlo
1690 3116 1836 3194 successit
1871 3140 2043 3193 svnxnxvr
2129 3188 2130 3211 ἶ

758 3220 867 3306 ffliu's,
893 3226 973 3321 qui,
997 3220 1037 3291 ab
1064 3224 1220 3297 Amurate
1238 3221 1372 3295 Sultano
1399 3222 1526 3319 proelio
1552 3224 1679 3304 vidus,
1706 3222 1819 3322 legatis
1843 3217 2043 3317 miss‘upacem
2129 3218 2130 3279 i

761 3328 902 3425 rogauit.
929 3348 993 3424 qua
1018 3326 1188 3421 impetrata
1203 3319 1330 3422 Aospes
1355 3320 1506 3423 deinceps
1532 3342 1564 3396 et
1589 3324 1710 3397 amicus
1736 3325 1861 3397 Sultani
1875 3330 2043 3393 Tuscorum

763 3420 852 3519 fuit,
879 3429 931 3497 cui
957 3427 1056 3497 etiain
1079 3424 1181 3498 filiam
1209 3430 1242 3499 in
1267 3430 1515 3505 matrimonium
1542 3424 1724 3500 collocauit.
1777 3431 1887 3526 Atque
1919 3430 1958 3497 ita
1987 3416 2045 3491 Bul·

761 3530 851 3628 garia
875 3528 997 3702 Tqrcia
1023 3524 1222 3625 aliquamdiu
1247 3527 1408 3602 tributaria
1448 3526 1589 3613 marm,
1627 3526 1735 3609 donec
1765 3531 1805 3603 ab
1840 3526 1897 3603 illir
1929 3521 2046 3597 demum

765 3632 896 3732 penitus
934 3629 1048 3705 ubeda
1072 3630 1126 3704 est.
