4642 6992
740 1232 819 1333 ntv
1152 1222 1655 1351 uvtounroonrtt

359 1382 363 1393 .
404 1317 409 1399 ᾖ
486 1332 489 1337 ’
532 1340 614 1429 Imp.
642 1354 708 1405 art.

463 1526 469 1533 ,
542 1518 572 1585 S
1233 1452 1265 1507 ο.
1283 1430 1331 1503 C,
1353 1396 1477 1520 rma-
1490 1432 1582 1525 ¹3²4*

568 1536 612 1585 m·
744 1619 922 1714 imperator
946 1568 1063 1685 Ibarirr
1081 1564 1103 1705 '[
1114 1600 1169 1685 seu
1192 1556 1355 1711 intonet]
1378 1594 1518 1713 Raoffits
1533 1572 1600 1704 '‘l,
1625 1636 1726 1685 manu
1749 1629 1886 1711 promtus
1913 1629 1940 1687 et
1963 1622 2016 1691 utit

455 1724 461 1733 '
582 1752 588 1761 ¹
640 1764 646 1777 ·
743 1717 968 1815 imperatoriae
994 1708 1223 1787 scientissimus.
1272 1719 1320 1787 Hi
1343 1718 1415 1816 posi
1440 1714 1507 1787 fata
1530 1717 1616 1815 regis
1640 1714 1845 1787 nibdominus
1867 1716 2016 1791 vrbemtut·

744 1820 869 1891 bantur.
920 1818 1093 1887 Caeterum
1120 1834 1199 1887 tunc
1224 1812 1439 1913 circumseffi,
1464 1814 1628 1890 anstrudis
1653 1816 1742 1891 velut
1767 1813 1807 1887 ad
1828 1817 1964 1914 proelium
1981 1845 2016 1891 or·

745 1916 870 1992 dinibus
895 1940 1100 2015 nequaquam
1125 1915 1392 2017 egrediebantur:
1418 1916 1586 1989 obstruitis
1611 1937 1722 1990 autem
1753 1922 1868 2016 portic,
1895 1914 2016 1993 deum

747 2020 839 2097 nibus
863 2012 896 2091 se
920 2011 1046 2091 sortiter
1072 2012 1298 2103 defensabant,
1322 2019 1386 2093 nec
1407 2045 1526 2127 parum
1551 2012 1728 2093 obsessores
1754 2021 1907 2093 vexabant.

848 2212 985 2294 Obsedit
999 2210 1064 2289 ‘eos
1090 2221 1268 2320 imperator
1292 2218 1456 2295 mensibus
1480 2226 1642 2296 continuis
1655 2238 1812 2319 quattror,
1835 2219 2018 2321 quotidiemr

748 2326 789 2394 ris
815 2320 1097 2419 oppugnationem
1121 2321 1311 2397 admouent.
1335 2323 1426 2397 'Sed
1442 2352 1530 2397 cum
1553 2326 1829 2425 expugnationem
1857 2316 2020 2419 desperaret,

669 2390 736 2470 3³8·
749 2428 929 2497 Germanus
955 2418 1088 2519 quidam
1115 2421 1170 2509 dl,
1197 2426 1424 2498 machinarum
1447 2424 1623 2499 muralium
1648 2428 1796 2525 egregius
1820 2420 1943 2506 artifex,
1966 2428 2019 2523 quia

750 2524 824 2596 vrbs
849 2519 890 2597 ad
915 2520 1151 2621 aggressionem
1177 2524 1356 2599 commode
1375 2524 1439 2605 fita
1458 2525 1650 2623 videbatur,
1676 2521 1733 2625 spe
1745 2552 1859 2625 magua
1868 2524 1945 2597 illum
1955 2550 2018 2600 com·

747 2624 872 2727 pleuit3
898 2628 986 2694 cuins
1013 2618 1094 2696 iussu
1118 2630 1395 2707 machinationem
1420 2626 1588 2701 fabricatus
1619 2626 1689 2711 est,
1724 2624 1858 2700 domurn
1884 2625 2017 2725 lignem,

692 2724 705 2765 ·’
751 2716 921 2825 suppositis
945 2727 1022 2796 rotis
1046 2719 1211 2811 sedecim,
1237 2754 1398 2827 capacem·
1414 2733 1593 2823 hominum
1617 2748 1774 2811 centum,
1798 2733 1851 2829 qui
1873 2732 1944 2799 intua
1968 2751 2019 2799 eam

748 2824 976 2928 propellerent.
1003 2822 1130 2925 'Supra
1159 2824 1301 2903 domum
1325 2831 1439 2904 turrim
1470 2830 1615 2931 ligneam
1644 2827 1792 2911 addidit,
1821 2830 1969 2902 habentem
1991 2848 2020 2899 ta·

753 2927 857 3001 bulata
883 2930 1051 3027 quinque,
1077 2932 1111 2999 in
1139 2955 1281 3027 quorum
1306 2928 1447 3032 smgulis'
1461 2936 1543 3006 odio
1566 2933 1707 3012 starent,
1735 2936 1790 3030 qui
1814 2958 1832 3003 e
1853 2930 1940 3002 latitia
1958 2954 2021 2999 arcu

629 3083 638 3095 .
750 3030 809 3101 but
834 3032 849 3124 (
859 3048 990 3128 trangra
1014 3038 1162 3125 vocant)
1187 3026 1303 3132 sagittis
1324 3029 1475 3107 iaciendit
1524 3052 1792 3134 ropugnatoreta
1806 3026 2019 3129 murosugartut

752 3135 827 3231 Qa
854 3126 1018 3211 absoluta,
1045 3151 1078 3203 et
1101 3125 1283 3230 sagittariis,
1320 3140 1441 3237 quique
1471 3060 1523 3207 ad
1544 3162 1620 3209 eam
1655 3130 1906 3235 protrudendam
1939 3130 2021 3202 deleti

753 3249 865 3313 erant,
891 3227 1057 3333 ingressu,
1080 3226 1206 3307 sublatis
1230 3230 1327 3336 signis
1353 3259 1386 3333 et
1410 3236 1579 3338 clangente
1591 3238 1689 3319 tuba,
1716 3257 1801 3308 totus
1812 3236 2020 3307 exerciturum

751 3336 805 3405 itia
829 3332 1060 3432 oppugnabat,
1086 3338 1180 3407 turris
1204 3330 1322 3410 sensim
1353 3359 1386 3412 et
1417 3338 1513 3410 inslar
1544 3336 1687 3412 animalis
1721 3334 1878 3410 cuiusdam
1905 3328 2021 3432 procede·

752 3426 824 3507 bat:
847 3458 949 3505 nemo
974 3438 1061 3507 enirn
1089 3440 1174 3507 intus
1197 3436 1364 3513 latentium
1388 3438 1451 3511 vlla
1476 3450 1518 3513 eir
1540 3462 1631 3541 parre
1655 3441 1848 3537 apparebat,
1872 3442 2022 3509 itanetttt·

749 3540 785 3635 gi
810 3529 952 3607 deloco
976 3530 1140 3633 superiore
1164 3560 1324 3636 poterant.
1374 3544 1422 3631 Vt
1445 3545 1528 3615 intra
1554 3543 1605 3617 teli
1643 3542 1767 3614 iadlum
1804 3544 1906 3618 venit,
1929 3538 2020 3633 quiin

750 3638 831 3708 turri
857 3655 968 3717 erant,
992 3634 1178 3735 oppidanos
1201 3637 1318 3741 sagittis
1342 3665 1383 3738 ap
1408 3659 1502 3715 erere
1552 3648 1579 3716 Ii
1605 3637 1780 3715 nescientes
1804 3638 1877 3739 quid
1893 3638 2020 3709 mumiu-

756 3741 926 3834 ciperent‚
951 3762 989 3805 ae
1014 3757 1063 3810 tot
1087 3740 1171 3822 tela,
1200 3749 1343 3841 proptet'
1381 3770 1529 3817 ummam
1563 3749 1632 3819 vim
1663 3763 1762 3844 atque
1792 3746 1936 3841 impemm
1959 3758 2020 3806 aaa

756 3842 888 3939 quaeuis
913 3844 1134 3936 penetrantia,
1158 3846 1193 3911 in
1215 3842 1430 3944 mediumque
1464 3872 1584 3945 corpus
1619 3841 1805 3927 subeuntia,
1838 3843 2020 3939 excipientes,

757 3943 876 4039 partim
902 3938 1089 4012 moribundi
1102 3942 1297 4028 concidere,
1349 3951 1442 4018 artirn
1455 3945 1745 4021 vulneratirestare.
1769 3938 2021 4017 Necduretnre

756 4040 943 4115 stationibus
956 4036 1112 4115 decedere
1122 4069 1161 4113 ac
1172 4052 1304 4119 moenia
1315 3972 1476 4137 deserere3
1488 4050 1601 4149 quibus
1615 4075 1692 4119 cum
1710 4052 1803 4120 turris
1816 4049 1931 4117 iamiam
1943 4036 2022 4110 admo

756 4140 864 4213 uenda
877 4136 974 4229 ell‘et‚
998 4170 1048 4214 res
1061 4150 1188 4215 interim
1201 4144 1346 4221 miranda
1360 4154 1502 4251 contigit.
1527 4157 1613 4223 Ante
1625 4150 1739 4223 vrbem
1749 4150 1909 4247 antiquitus
1926 4139 2021 4213 tidem

754 4259 856 4341 aquae
880 4240 1082 4336 recipiendae
1108 4244 1262 4331 condita,
1287 4269 1319 4320 et
1334 4254 1439 4350 tignis
1464 4252 1640 4351 tabulisque
1664 4272 1836 4352 cooperta,
1858 4245 2020 4346 paulatineo

754 4364 839 4415 terra
865 4342 1063 4413 accrrmulata
1088 4364 1244 4443 apparere
1276 4346 1432 4443 desierat,
1468 4370 1501 4425 et
1530 4350 1726 4452 iampridem
1756 4350 1923 4424 incolamm
1948 4362 2020 4414 nemi)

756 4448 825 4515 cius
850 4440 947 4516 vllanr
974 4447 1122 4517 notitiam
1148 4449 1292 4524 habebat.
1340 4447 1464 4526 Afferes
1489 4450 1535 4525 illi
1558 4450 1611 4527 seu
1636 4452 1759 4529 tabulae
1783 4478 1905 4532 curnis,
1926 4435 2023 4539 etqflli

754 4538 837 4721 puid
864 4569 1002 4616 onerum
1028 4544 1315 4649 transportaretur,
1339 4550 1562 4629 sustentabant.
1610 4561 1655 4629 At
1679 4582 1757 4629 vero
1783 4556 1869 4627 turris
1895 4572 1960 4621 cum
1985 4536 2022 4610 dt

716 4652 719 4657 “
770 4670 849 4744 uper·
875 4646 1120 4741 impelleretur,
1145 4648 1318 4727 confractis
1350 4654 1462 4731 tabulis
1493 4661 1528 4727 in
1560 4657 1728 4737 cillernam
1760 4650 1920 4733 decident,
1945 4663 2020 4746 pwle

755 4748 869 4823 obruta
894 4749 961 4833 ett,
986 4774 1104 4825 eorum
1129 4771 1262 4840 tamen,
1287 4758 1343 4857 qui
1368 4760 1452 4829 intus
1477 4777 1588 4845 erant,
1616 4783 1720 4831 nemo
1742 4759 1840 4858 periit

1986 4870 2022 4942 ba

802 5117 843 5185 c)
870 5112 967 5181 lssatut
990 5104 1005 5170 ὅ
1027 5106 1107 5188 Fon!
1282 5152 1289 5163 ·
1476 5121 1524 5206 d)
1547 5124 1578 5181 ἐκ
1602 5126 1801 5203 repperietur.

801 5198 1155 5287 mmmmm
1360 5199 1367 5207 ·
1728 5230 1731 5236 ,
1851 5245 1856 5253 ⁸
