4642 6992
452 1336 525 1435 ra,
547 1255 726 1410 roan-¹⁹⁸
771 1282 773 1288 ,
1057 1304 1062 1312 .
1108 1229 1521 1323 sedvI'chvM
1579 1239 1583 1245 ’
1621 1356 1629 1368 ⁸
1760 1267 1762 1272 ·

453 1451 502 1503 tua
525 1435 596 1506 Pet.

1214 1463 1243 1518 n
1266 1445 1307 1520 C.
1333 1460 1422 1534 rata

685 1565 918 1672 rependerem
941 1558 1011 1639 satia
1038 1561 1243 1650 declarasset,
1268 1563 1424 1665 quaesiuit
1445 1557 1603 1647 tandem,
1631 1586 1693 1665 qua
1718 1568 1820 1666 gratia
1851 1570 1960 1640 venir-

658 1597 729 1756 set,
753 1689 788 1748 'et
813 1667 893 1774 quid
917 1669 956 1743 ab
987 1661 1019 1740 se
1044 1686 1179 1766 peteret.
1231 1663 1420 1767 Respondet
1445 1667 1716 1759 [Cantacuzenus
1729 1679 1770 1759 ];
1796 1673 1965 1740 amicitiae·

528 1815 544 1824 -
661 1769 753 1848 σιώ
777 1766 919 1856 venisse,
946 1795 1110 1874 quatern
1136 1788 1170 1843 et
1195 1767 1352 1843 constanti
1377 1764 1465 1868 apud
1489 1769 1640 1842 homines
1664 1771 1752 1844 rede
1785 1763 1963 1843 sentientea

660 1875 745 1951 nibil
767 1872 809 1948 fit
905 1870 1049 1948 stabilius.
1099 1867 1253 1956 Deinde,
1278 1869 1305 1944 si
1330 1871 1436 1944 modo
1461 1868 1560 1953 velit,
1584 1889 1617 1942 et
1638 1868 1769 1970 posset,-
1784 1897 1901 1972 cupere
1920 1865 1967 1943 sea

661 1981 729 2052 eius
752 1980 825 2049 aux'
840 1980 859 1995 “’
897 1971 940 2047 ad
964 1971 1106 2047 reditum
1130 1977 1166 2045 in
1189 1977 1366 2074 imperium
1389 1969 1482 2045 suum
1509 1967 1662 2047 adiuuari.
1692 1977 1806 2046 Putate
1832 1993 1957 2055 autem,

658 2103 723 2154 nec
747 2073 854 2176 ipsum
878 2074 999 2158 latere,
1024 2099 1108 2174 quae
1131 2079 1198 2148 iam
1215 2070 1298 2148 totio
1323 2100 1449 2148 nouem
1473 2069 1636 2146 mensibus
1661 2074 1735 2172 post
1760 2074 1881 2148 beilum
1905 2077 1964 2144 in·-

659 2199 709 2255 ter
732 2181 905 2254 Romanos
930 2181 1104 2249 excitatum
1129 2173 1293 2276 perpessus
1316 2173 1377 2260 sit,
1402 2187 1591 2276 quantoque
1616 2175 1696 2248 odio
1719 2174 1807 2274 apud
1819 2195 1955 2275 gentem

657 2275 750 2356 suam
773 2278 861 2354 nub
885 2277 980 2378 culpa
1001 2272 1055 2349 sua
1078 2275 1225 2350 laboret:
1249 2275 1487 2378 quomodoque
1502 2273 1621 2348 bessum
1634 2273 1692 2358 fibi
1704 2273 1841 2352 fecerint
1854 2313 1866 2361 ,1
1889 2301 1957 2347 nec
1984 2343 1986 2346 .

660 2379 858 2456 indixerint:
883 2398 1004 2478 etqua
1027 2382 1154 2451 ratione
1179 2375 1220 2450 ad
1251 2397 1435 2452 extremum
1469 2391 1508 2446 ‘a
1542 2375 1694 2450 militibus
1732 2373 1793 2452 suis
1824 2381 1873 2462 ί),
1909 2371 1959 2450 ad

660 2481 768 2558 hustet
794 2473 1050 2563 transeuntibus,
1076 2478 1227 2578 proditus
1247 2481 1307 2556 fir
1351 2482 1386 2554 Si
1411 2477 1672 2571 auxiliabimur,
1695 2472 1967 2579 aperterecusetp

660 2601 720 2677 vt,
745 2609 823 2657 eum
845 2580 1050 2678 deliberarit,
1075 2578 1154 2680 quid
1187 2577 1244 2654 sibi
1277 2573 1403 2680 suisque
1434 2582 1543 2680 potius
1577 2579 1769 2682 conducat²
1802 2579 1836 2654 id
1869 2598 1970 2680 agat:

563 2708 628 2782 ¹19·
659 2687 742 2807 an
760 2669 886 2759 ¹debere
909 2708 1013 2782 porro
1038 2686 1170 2766 mirari,
1207 2679 1297 2783 quod
1325 2681 1466 2766 dixerit,
1497 2675 1648 2780 siposiit
1677 2681 1851 2758 auxiliari:
1879 2705 1957 2755 non

576 3370 584 3385 Ι

660 2812 773 2870 enim,
799 2811 867 2886 quo
891 2810 970 2857 eum
995 2783 1216 2883 imbecillitatis
1239 2801 1410 2884 argueret,
1435 2789 1477 2858 ita
1501 2781 1674 2874 locutum3
1700 2779 1755 2858 sed
1782 2775 1955 2884 quiesciat,

661 2888 814 2966 omnibus
840 2885 1029 3004 mortalibus
1051 2911 1226 3006 exaequo
1249 2884 1388 2960 liberum
1413 2881 1501 3008 esse,
1527 2883 1633 2975 velle3
1657 2883 1749 2984 posse
1775 2913 1846 3006 non
1861 2883 1968 2958 item.-

655 2983 1967 3189 b‘ssisssnzssmptbb‘'babitimgbssb‘tss5¹Jssstsuini⁰2b⁵³335

661 3190 771 3268 hostes
795 3193 997 3291 potentiores
1023 3209 1183 3288 urgeant,
1206 3209 1262 3274 aut
1295 3187 1457 3291 quosdam
1491 3189 1650 3266 finitimos
1677 3190 1820 3293 populor
1854 3192 1953 3264 armis

658 3295 831 3392 appetituri
854 3289 939 3364 sint:
964 3287 1087 3363 idcireo
1102 3287 1247 3388 dixisse,
1273 3287 1298 3364 fi
1324 3290 1451 3392 poffit,'
1477 3289 1569 3392 quod
1600 3297 1721 3367 meiito
1751 3287 1856 3392 ipsum
1886 3309 1955 3364 tur·

529 3466 535 3484 ‚
658 3395 736 3468 bare
760 3419 832 3470 non
858 3389 996 3476 debeat,
1019 3389 1153 3493 quando
1177 3391 1407 3468 huiuscemodi
1430 3393 1531 3468 multa
1557 3399 1593 3470 in
1617 3399 1794 3470 bominum
1819 3387 1971 3488 vitavqu

631 3501 797 3571 ueniant.
847 3494 1004 3568 Narrabat
1026 3495 1161 3594 postea,
1187 3489 1340 3570 scientem
1366 3491 1411 3568 iic
1442 3494 1590 3570 locutum
1612 3556 1624 3591 ,
1650 3516 1714 3578 ut,
1744 3493 1774 3568 fi
1803 3493 1957 3594 opitulati

658 3596 783 3681 nollet,
810 3591 1029 3697 suppetiarum
1055 3589 1346 3696 desperandam,
1373 3595 1425 3670 vel
1451 3595 1614 3696 exipsius
1640 3597 1742 3673 verbis
1767 3593 1955 3670 honestafi·

658 3699 694 3774 bi
717 3695 849 3772 sacristae
874 3692 1113 3798 suppeditaret,
1139 3723 1211 3770 nou
1235 3703 1333 3780 etiam
1357 3701 1537 3772 amicitiae:
1570 3699 1734 3772 metuebat
1769 3695 1954 3796 siquidem,

658 3824 703 3874 ne
727 3795 843 3872 hostile
866 3801 902 3870 in
925 3795 958 3870 se
983 3793 1099 3870 odium
1125 3791 1317 3898 susciperet,
1344 3795 1369 3869 si
1395 3795 1547 3874 adiuuare
1573 3799 1697 3874 nollet:
1721 3820 1836 3882 ratus,
1867 3803 1965 3874 can·

659 3919 880 3982 netuenum,
903 3893 960 4001 spe
984 3896 1092 3973 auxilii
1114 3895 1267 4000 lapsum,
1291 3906 1409 3975 iratum
1433 3897 1492 3975 fibi
1517 3921 1550 3998 et
1573 3905 1746 3978 inimicum
1773 3887 1845 3977 etse.

759 4083 873 4160 entes
893 4109 1002 4168 veto,
1023 4080 1286 4171 mendesium,
1310 4091 1432 4189 inquit,
1462 4115 1540 4162 cum
1564 4088 1701 4164 uerbum
1727 4105 1823 4160 tuum
1850 4107 1958 4184 expo-

657 4176 767 4272 suiiii,
793 4184 883 4262 baud
906 4191 996 4262 enim
1019 4185 1153 4263 modice
1186 4189 1325 4262 terrebar
1358 4217 1397 4262 ac
1419 4193 1650 4292 perturbabat,
1685 4215 1762 4261 etun
1796 4185 1957 4261 existima-

628 4321 631 4327 .
657 4309 755 4370 mni,
780 4309 813 4363 te
836 4290 1067 4388 ignorantem,
1092 4307 1249 4391 quantum
1273 4286 1423 4392 possem,
1449 4297 1491 4365 ita
1523 4292 1623 4392 loqui.
1673 4295 1715 4364 Et
1748 4293 1822 4390 quia
1852 4286 1957 4362 talem

657 4387 742 4459 mihi
765 4382 981 4488 suspicionem
1014 4388 1196 4474 ademisti,
1222 4418 1287 4494 ego
1319 4419 1409 4466 nunc
1441 4412 1473 4466 te
1510 4391 1645 4468 uiciffim
1676 4382 1802 4464 sensum
1833 4415 1969 4470 meunt

658 4512 730 4562 non
753 4491 874 4567 celabo.
922 4495 1052 4566 Vitium
1078 4487 1227 4566 aduersus
1250 4493 1357 4572 bosiee
1384 4515 1457 4573 tuot
1480 4495 1586 4574 habeo
1619 4495 1691 4598 plus
1724 4487 1956 4589 satissteques

660 4585 876 4690 fiipseais,
900 4589 1060 4669 adiuuabo
1085 4594 1268 4680 libenter„

767 4761 961 4837 Subiicieute
985 4765 1240 4862 imperatorem
1273 4768 1315 4842 Se
1352 4767 1508 4840 amicitiae
1538 4783 1572 4840 et
1596 4749 1746 4864 promtae
1777 4759 1954 4838 voluntatis

535 4941 543 4949 ,
621 4907 624 4911 ν
660 4886 742 5046 Ἔα
766 4889 923 4965 magnam
948 4861 994 4938 ilii
1015 4865 1134 4941 babere
1157 4869 1318 4968 gratiatur:
1343 4861 1464 4954 nescire
1499 4871 1638 4955 autem',
1671 4863 1751 4967 quid
1781 4859 1860 4940 illud
1890 4855 1977 4960 sibi⁸

659 4992 682 5044 u
1719 5035 1720 5039 a

723 4985 758 5054 t,
781 4967 818 5043 si
840 4960 907 5068 ipse
930 4971 1022 5056 vie„
1873 5055 1960 5138 cm

713 5259 755 5352 s)
779 5281 887 5360 nepte
912 5283 983 5342 rav
1005 5264 1205 5340 rvtotrut.‘
1371 5281 1428 5348 ¹¹9·
1454 5273 1712 5330 enuracvzau.
1734 5256 1826 5334 T.11.
1846 5229 1978 5354 pape-L
