<?xml version="1.0" encoding="UTF-8"?>
<!DOCTYPE html PUBLIC "-//W3C//DTD XHTML 1.0 Transitional//EN"
    "http://www.w3.org/TR/xhtml1/DTD/xhtml1-transitional.dtd">
<html xmlns="http://www.w3.org/1999/xhtml" xml:lang="en" lang="en">
 <head>
  <title>
</title>
<meta http-equiv="Content-Type" content="text/html;charset=utf-8" />
  <meta name='ocr-system' content='tesseract 3.04.00' />
  <meta name='ocr-capabilities' content='ocr_page ocr_carea ocr_par ocr_line ocrx_word'/>
</head>
<body>
  <div class='ocr_page' id='page_1' title='image "./memoriaepopulor00strigoog_0346.png"; bbox 0 0 4642 6992; ppageno 0'>
   <div class='ocr_carea' id='block_1_1' title="bbox 663 1212 1517 1313">
    <p class='ocr_par' dir='ltr' id='par_1_1' title="bbox 663 1212 1517 1313">
     <span class='ocr_line' id='line_1_1' title="bbox 663 1212 1517 1313; baseline 0.011 -31"><span class='ocrx_word' id='word_1_1' title='bbox 663 1239 725 1313; x_wconf 73' lang='lat'>,34</span> <span class='ocrx_word' id='word_1_2' title='bbox 1100 1212 1517 1301; x_wconf 79' lang='lat' dir='ltr'>sravreoavnt</span> 
     </span>
    </p>
   </div>
   <div class='ocr_carea' id='block_1_2' title="bbox 587 1417 1956 2340">
    <p class='ocr_par' dir='ltr' id='par_1_2' title="bbox 587 1417 1956 2340">
     <span class='ocr_line' id='line_1_2' title="bbox 1139 1417 1469 1510; baseline -0.003 -24"><span class='ocrx_word' id='word_1_3' title='bbox 1139 1440 1168 1487; x_wconf 84' lang='lat' dir='ltr'>a.</span> <span class='ocrx_word' id='word_1_4' title='bbox 1195 1417 1469 1510; x_wconf 60' lang='lat' dir='ltr'>C.1389-÷1410.</span> 
     </span>
     <span class='ocr_line' id='line_1_3' title="bbox 669 1525 1956 1653; baseline -0.008 -41"><span class='ocrx_word' id='word_1_5' title='bbox 669 1544 868 1637; x_wconf 88' lang='lat' dir='ltr'>Scopiorum</span> <span class='ocrx_word' id='word_1_6' title='bbox 887 1536 1031 1653; x_wconf 70' lang='lat' dir='ltr'>uphem,</span> <span class='ocrx_word' id='word_1_7' title='bbox 1057 1532 1166 1633; x_wconf 89' lang='lat' dir='ltr'>lingua</span> <span class='ocrx_word' id='word_1_8' title='bbox 1191 1540 1398 1607; x_wconf 80' lang='lat' dir='ltr'>‘etiamnum</span> <span class='ocrx_word' id='word_1_9' title='bbox 1414 1530 1531 1607; x_wconf 73' lang='lat' dir='ltr'>blnon</span> <span class='ocrx_word' id='word_1_10' title='bbox 1550 1525 1689 1605; x_wconf 85' lang='lat' dir='ltr'>dissinrili</span> <span class='ocrx_word' id='word_1_11' title='bbox 1714 1550 1845 1607; x_wconf 81' lang='lat' dir='ltr'>utentes.</span> <span class='ocrx_word' id='word_1_12' title='bbox 1869 1527 1956 1605; x_wconf 86' lang='lat' dir='ltr'>illud</span> 
     </span>
     <span class='ocr_line' id='line_1_4' title="bbox 666 1632 1956 1753; baseline -0.007 -40"><span class='ocrx_word' id='word_1_13' title='bbox 666 1638 855 1734; x_wconf 90' lang='lat' dir='ltr'>lllyriorum</span> <span class='ocrx_word' id='word_1_14' title='bbox 881 1632 910 1701; x_wconf 79' lang='grc' dir='ltr'>ι)</span> <span class='ocrx_word' id='word_1_15' title='bbox 944 1662 1067 1753; x_wconf 83' lang='lat' dir='ltr'>genus,</span> <span class='ocrx_word' id='word_1_16' title='bbox 1104 1653 1181 1707; x_wconf 83' lang='lat' dir='ltr'>curn</span> <span class='ocrx_word' id='word_1_17' title='bbox 1220 1634 1320 1734; x_wconf 89' lang='lat' dir='ltr'>louge</span> <span class='ocrx_word' id='word_1_18' title='bbox 1354 1635 1414 1711; x_wconf 87' lang='lat' dir='ltr'>late</span> <span class='ocrx_word' id='word_1_19' title='bbox 1438 1661 1479 1707; x_wconf 91' lang='lat' dir='ltr'>ue</span> <span class='ocrx_word' id='word_1_20' title='bbox 1517 1654 1640 1707; x_wconf 90' lang='lat' dir='ltr'>teneret</span> <span class='ocrx_word' id='word_1_21' title='bbox 1675 1656 1765 1706; x_wconf 84' lang='lat' dir='ltr'>mare</span> <span class='ocrx_word' id='word_1_22' title='bbox 1800 1636 1956 1715; x_wconf 88' lang='lat' dir='ltr'>lonium,</span> 
     </span>
     <span class='ocr_line' id='line_1_5' title="bbox 668 1660 1956 1836; baseline -0.007 -24"><span class='ocrx_word' id='word_1_23' title='bbox 668 1747 765 1813; x_wconf 86' lang='lat' dir='ltr'>etiarn</span> <span class='ocrx_word' id='word_1_24' title='bbox 790 1746 934 1812; x_wconf 86' lang='lat' dir='ltr'>Venetos</span> <span class='ocrx_word' id='word_1_25' title='bbox 960 1740 1070 1835; x_wconf 86' lang='lat' dir='ltr'>attigit</span> <span class='ocrx_word' id='word_1_26' title='bbox 1120 1734 1249 1835; x_wconf 84' lang='lat' dir='ltr'>Reliqui</span> <span class='ocrx_word' id='word_1_27' title='bbox 1273 1736 1356 1807; x_wconf 88' lang='lat' dir='ltr'>ab&#39;&#39;</span> <span class='ocrx_word' id='word_1_28' title='bbox 1336 1764 1371 1808; x_wconf 90' lang='lat' dir='ltr'>ns</span> <span class='ocrx_word' id='word_1_29' title='bbox 1410 1660 1587 1836; x_wconf 66' lang='lat' dir='ltr'>degregati,</span> <span class='ocrx_word' id='word_1_30' title='bbox 1618 1758 1678 1833; x_wconf 90' lang='lat' dir='ltr'>per</span> <span class='ocrx_word' id='word_1_31' title='bbox 1708 1740 1877 1835; x_wconf 84' lang='lat' dir='ltr'>Europam</span> <span class='ocrx_word' id='word_1_32' title='bbox 1909 1731 1956 1805; x_wconf 88' lang='lat' dir='ltr'>di·</span> 
     </span>
     <span class='ocr_line' id='line_1_6' title="bbox 667 1829 1955 1960; baseline -0.006 -47"><span class='ocrx_word' id='word_1_33' title='bbox 667 1838 765 1960; x_wconf 83' lang='lat' dir='ltr'>sperfi</span> <span class='ocrx_word' id='word_1_34' title='bbox 789 1836 882 1921; x_wconf 91' lang='lat' dir='ltr'>sunt,</span> <span class='ocrx_word' id='word_1_35' title='bbox 908 1842 1005 1909; x_wconf 84' lang='lat' dir='ltr'>etiarn</span> <span class='ocrx_word' id='word_1_36' title='bbox 1031 1829 1133 1909; x_wconf 90' lang='lat' dir='ltr'>hodie</span> <span class='ocrx_word' id='word_1_37' title='bbox 1156 1862 1228 1908; x_wconf 92' lang='lat' dir='ltr'>non</span> <span class='ocrx_word' id='word_1_38' title='bbox 1252 1834 1395 1909; x_wconf 91' lang='lat' dir='ltr'>multum</span> <span class='ocrx_word' id='word_1_39' title='bbox 1419 1836 1528 1936; x_wconf 90' lang='lat' dir='ltr'>lingua</span> <span class='ocrx_word' id='word_1_40' title='bbox 1553 1835 1761 1935; x_wconf 88' lang='lat' dir='ltr'>moribusque</span> <span class='ocrx_word' id='word_1_41' title='bbox 1787 1857 1818 1909; x_wconf 87' lang='lat' dir='ltr'>et</span> <span class='ocrx_word' id='word_1_42' title='bbox 1852 1836 1955 1909; x_wconf 75' lang='lat' dir='ltr'>victu·</span> 
     </span>
     <span class='ocr_line' id='line_1_7' title="bbox 668 1933 1955 2036; baseline -0.006 -21"><span class='ocrx_word' id='word_1_43' title='bbox 668 1948 793 2015; x_wconf 68' lang='lat' dir='ltr'>maone</span> <span class='ocrx_word' id='word_1_44' title='bbox 818 1942 1034 2013; x_wconf 79' lang='lat' dir='ltr'><strong>abhorrentes.</strong></span> <span class='ocrx_word' id='word_1_45' title='bbox 1087 1936 1256 2011; x_wconf 84' lang='lat' dir='ltr'>Constat</span> <span class='ocrx_word' id='word_1_46' title='bbox 1249 1956 1377 2036; x_wconf 80' lang='lat' dir='ltr'>itaque,</span> <span class='ocrx_word' id='word_1_47' title='bbox 1403 1963 1520 2009; x_wconf 91' lang='lat' dir='ltr'>eorum</span> <span class='ocrx_word' id='word_1_48' title='bbox 1557 1933 1748 2011; x_wconf 86' lang='lat' dir='ltr'>sententiam</span> <span class='ocrx_word' id='word_1_49' title='bbox 1780 1935 1869 2009; x_wconf 89' lang='lat' dir='ltr'>haud</span> <span class='ocrx_word' id='word_1_50' title='bbox 1900 1962 1955 2009; x_wconf 85' lang='lat' dir='ltr'>ve-</span> 
     </span>
     <span class='ocr_line' id='line_1_8' title="bbox 667 2034 1954 2138; baseline -0.004 -23"><span class='ocrx_word' id='word_1_51' title='bbox 667 2048 759 2115; x_wconf 77' lang='lat' dir='ltr'>ritate</span> <span class='ocrx_word' id='word_1_52' title='bbox 782 2046 865 2125; x_wconf 90' lang='lat' dir='ltr'>niti,</span> <span class='ocrx_word' id='word_1_53' title='bbox 891 2043 946 2138; x_wconf 93' lang='lat' dir='ltr'>qui</span> <span class='ocrx_word' id='word_1_54' title='bbox 973 2043 1212 2136; x_wconf 85' lang='lat' dir='ltr'>pronunciant,</span> <span class='ocrx_word' id='word_1_55' title='bbox 1240 2036 1366 2131; x_wconf 89' lang='lat' dir='ltr'>Illyrios</span> <span class='ocrx_word' id='word_1_56' title='bbox 1390 2034 1453 2109; x_wconf 76' lang='lat' dir='ltr'>elie</span> <span class='ocrx_word' id='word_1_57' title='bbox 1478 2064 1557 2121; x_wconf 89' lang='lat' dir='ltr'>eos,</span> <span class='ocrx_word' id='word_1_58' title='bbox 1585 2054 1688 2137; x_wconf 82' lang='lat' dir='ltr'>‘quos</span> <span class='ocrx_word' id='word_1_59' title='bbox 1719 2035 1861 2112; x_wconf 88' lang='lat' dir='ltr'>Albanos</span> <span class='ocrx_word' id='word_1_60' title='bbox 1894 2062 1954 2110; x_wconf 88' lang='lat' dir='ltr'>no·</span> 
     </span>
     <span class='ocr_line' id='line_1_9' title="bbox 587 2134 1956 2239; baseline -0.004 -22"><span class='ocrx_word' id='word_1_61' title='bbox 587 2163 606 2195; x_wconf 85' lang='lat'>-&#39;</span> <span class='ocrx_word' id='word_1_62' title='bbox 669 2139 890 2217; x_wconf 68' lang='lat' dir='ltr'>nainamuskr</span> <span class='ocrx_word' id='word_1_63' title='bbox 890 2142 998 2212; x_wconf 92' lang='lat' dir='ltr'>.Nec</span> <span class='ocrx_word' id='word_1_64' title='bbox 1023 2165 1102 2211; x_wconf 92' lang='lat' dir='ltr'>vero</span> <span class='ocrx_word' id='word_1_65' title='bbox 1128 2142 1324 2237; x_wconf 85' lang='lat' dir='ltr'>principium</span> <span class='ocrx_word' id='word_1_66' title='bbox 1351 2164 1416 2210; x_wconf 83' lang='lat' dir='ltr'>erus</span> <span class='ocrx_word' id='word_1_67' title='bbox 1430 2134 1583 2211; x_wconf 75' lang='lat' dir='ltr'>sermonis</span> <span class='ocrx_word' id='word_1_68' title='bbox 1597 2136 1758 2221; x_wconf 81' lang='lat' dir='ltr'>admitto,</span> <span class='ocrx_word' id='word_1_69' title='bbox 1786 2166 1842 2239; x_wconf 87' lang='lat' dir='ltr'>qur</span> <span class='ocrx_word' id='word_1_70' title='bbox 1833 2138 1956 2211; x_wconf 89' lang='lat' dir='ltr'>astru·</span> 
     </span>
     <span class='ocr_line' id='line_1_10' title="bbox 671 2235 1954 2340; baseline -0.005 -22"><span class='ocrx_word' id='word_1_71' title='bbox 671 2270 726 2319; x_wconf 90' lang='lat' dir='ltr'>ere</span> <span class='ocrx_word' id='word_1_72' title='bbox 752 2262 910 2322; x_wconf 90' lang='lat' dir='ltr'>conatur,</span> <span class='ocrx_word' id='word_1_73' title='bbox 935 2235 1078 2312; x_wconf 84' lang='lat' dir='ltr'>Albanos</span> <span class='ocrx_word' id='word_1_74' title='bbox 1104 2236 1167 2311; x_wconf 78' lang='lat' dir='ltr'>elle</span> <span class='ocrx_word' id='word_1_75' title='bbox 1191 2239 1308 2331; x_wconf 87' lang='lat' dir='ltr'>lllyrici</span> <span class='ocrx_word' id='word_1_76' title='bbox 1333 2244 1467 2337; x_wconf 88' lang='lat' dir='ltr'>generis.</span> <span class='ocrx_word' id='word_1_77' title='bbox 1522 2237 1622 2340; x_wconf 80' lang='lat' dir='ltr'>Qud</span> <span class='ocrx_word' id='word_1_78' title='bbox 1646 2262 1756 2313; x_wconf 91' lang='lat' dir='ltr'>autem</span> <span class='ocrx_word' id='word_1_79' title='bbox 1781 2262 1813 2313; x_wconf 91' lang='lat' dir='ltr'>et</span> <span class='ocrx_word' id='word_1_80' title='bbox 1839 2240 1954 2313; x_wconf 88' lang='lat' dir='ltr'>Albani</span> 
     </span>
    </p>
   </div>
   <div class='ocr_carea' id='block_1_3' title="bbox 553 2339 1955 2444">
    <p class='ocr_par' dir='ltr' id='par_1_3' title="bbox 553 2339 1955 2444">
     <span class='ocr_line' id='line_1_11' title="bbox 553 2339 1955 2444; baseline -0.004 -26"><span class='ocrx_word' id='word_1_81' title='bbox 553 2375 560 2391; x_wconf 73' lang='lat'><strong><em>‘</em></strong></span> <span class='ocrx_word' id='word_1_82' title='bbox 670 2347 710 2418; x_wconf 90' lang='lat' dir='ltr'>ab</span> <span class='ocrx_word' id='word_1_83' title='bbox 735 2340 922 2444; x_wconf 85' lang='lat' dir='ltr'>Epidamno</span> <span class='ocrx_word' id='word_1_84' title='bbox 945 2339 1165 2438; x_wconf 79' lang='lat' dir='ltr'><strong>prodeuntes,</strong></span> <span class='ocrx_word' id='word_1_85' title='bbox 1191 2344 1226 2411; x_wconf 93' lang='lat' dir='ltr'>in</span> <span class='ocrx_word' id='word_1_86' title='bbox 1248 2345 1401 2437; x_wconf 83' lang='lat' dir='ltr'>Europae</span> <span class='ocrx_word' id='word_1_87' title='bbox 1431 2345 1599 2441; x_wconf 84' lang='lat' dir='ltr'>regionem</span> <span class='ocrx_word' id='word_1_88' title='bbox 1625 2347 1845 2425; x_wconf 81' lang='lat' dir='ltr'>maritimam,</span> <span class='ocrx_word' id='word_1_89' title='bbox 1873 2364 1955 2441; x_wconf 84' lang='lat' dir='ltr'>qnae</span> 
     </span>
    </p>
   </div>
   <div class='ocr_carea' id='block_1_4' title="bbox 606 2436 1978 2967">
    <p class='ocr_par' dir='ltr' id='par_1_4' title="bbox 606 2436 1966 2947">
     <span class='ocr_line' id='line_1_12' title="bbox 606 2436 1966 2540; baseline -0.005 -21"><span class='ocrx_word' id='word_1_90' title='bbox 606 2469 612 2480; x_wconf 79' lang='grc'><strong>’</strong></span> <span class='ocrx_word' id='word_1_91' title='bbox 671 2448 841 2519; x_wconf 81' lang='lat' dir='ltr'>orientem</span> <span class='ocrx_word' id='word_1_92' title='bbox 859 2436 1006 2539; x_wconf 85' lang='lat' dir='ltr'>respicit,</span> <span class='ocrx_word' id='word_1_93' title='bbox 1033 2446 1199 2513; x_wconf 89' lang='lat' dir='ltr'>venerint:</span> <span class='ocrx_word' id='word_1_94' title='bbox 1225 2440 1438 2540; x_wconf 83' lang='lat' dir='ltr'>Aetoliaque,</span> <span class='ocrx_word' id='word_1_95' title='bbox 1466 2446 1667 2525; x_wconf 83' lang='lat' dir='ltr'>Acarnania,</span> <span class='ocrx_word' id='word_1_96' title='bbox 1695 2470 1756 2515; x_wconf 91' lang='lat' dir='ltr'>nec</span> <span class='ocrx_word' id='word_1_97' title='bbox 1783 2468 1853 2515; x_wconf 90' lang='lat' dir='ltr'>nnn</span> <span class='ocrx_word' id='word_1_98' title='bbox 1887 2468 1966 2514; x_wconf 88' lang='lat' dir='ltr'>rna-</span> 
     </span>
     <span class='ocr_line' id='line_1_13' title="bbox 670 2538 1978 2648; baseline -0.004 -30"><span class='ocrx_word' id='word_1_99' title='bbox 670 2574 736 2648; x_wconf 89' lang='lat' dir='ltr'>gna</span> <span class='ocrx_word' id='word_1_100' title='bbox 761 2541 988 2621; x_wconf 83' lang='lat' dir='ltr'>Macedonum</span> <span class='ocrx_word' id='word_1_101' title='bbox 1014 2545 1155 2642; x_wconf 81' lang='lat' dir='ltr'>regionis</span> <span class='ocrx_word' id='word_1_102' title='bbox 1181 2561 1271 2640; x_wconf 89' lang='lat' dir='ltr'>parte</span> <span class='ocrx_word' id='word_1_103' title='bbox 1295 2538 1443 2626; x_wconf 68' lang='lat' dir='ltr'>subacta,</span> <span class='ocrx_word' id='word_1_104' title='bbox 1469 2544 1510 2613; x_wconf 91' lang='lat' dir='ltr'>ibi</span> <span class='ocrx_word' id='word_1_105' title='bbox 1535 2544 1726 2627; x_wconf 90' lang='lat' dir='ltr'>habitarint,</span> <span class='ocrx_word' id='word_1_106' title='bbox 1760 2550 1856 2617; x_wconf 87' lang='lat' dir='ltr'>etiam</span> <span class='ocrx_word' id='word_1_107' title='bbox 1890 2538 1978 2641; x_wconf 90' lang='lat' dir='ltr'>ipse</span> 
     </span>
     <span class='ocr_line' id='line_1_14' title="bbox 669 2638 1956 2744; baseline -0.005 -24"><span class='ocrx_word' id='word_1_108' title='bbox 669 2653 779 2739; x_wconf 85' lang='lat' dir='ltr'>noui,</span> <span class='ocrx_word' id='word_1_109' title='bbox 804 2642 912 2717; x_wconf 83' lang='lat' dir='ltr'>nntltis</span> <span class='ocrx_word' id='word_1_110' title='bbox 938 2646 1130 2716; x_wconf 71' lang='lat' dir='ltr'>coniediuris</span> <span class='ocrx_word' id='word_1_111' title='bbox 1155 2668 1196 2715; x_wconf 91' lang='lat' dir='ltr'>eo</span> <span class='ocrx_word' id='word_1_112' title='bbox 1223 2638 1403 2725; x_wconf 72' lang='lat' dir='ltr'>dedudius,</span> <span class='ocrx_word' id='word_1_113' title='bbox 1431 2642 1603 2744; x_wconf 89' lang='lat' dir='ltr'>multisque</span> <span class='ocrx_word' id='word_1_114' title='bbox 1624 2640 1717 2744; x_wconf 90' lang='lat' dir='ltr'>super</span> <span class='ocrx_word' id='word_1_115' title='bbox 1743 2670 1779 2715; x_wconf 90' lang='lat' dir='ltr'>ea</span> <span class='ocrx_word' id='word_1_116' title='bbox 1806 2672 1841 2716; x_wconf 89' lang='lat' dir='ltr'>re</span> <span class='ocrx_word' id='word_1_117' title='bbox 1867 2641 1956 2715; x_wconf 88' lang='lat' dir='ltr'>audi-</span> 
     </span>
     <span class='ocr_line' id='line_1_15' title="bbox 669 2740 1958 2845; baseline -0.004 -23"><span class='ocrx_word' id='word_1_118' title='bbox 669 2754 718 2822; x_wconf 89' lang='lat' dir='ltr'>tis.</span> <span class='ocrx_word' id='word_1_119' title='bbox 765 2750 824 2821; x_wconf 77' lang='lat' dir='ltr'>‘An</span> <span class='ocrx_word' id='word_1_120' title='bbox 848 2770 926 2820; x_wconf 88' lang='lat' dir='ltr'>vero</span> <span class='ocrx_word' id='word_1_121' title='bbox 952 2744 991 2816; x_wconf 88' lang='lat' dir='ltr'>ab</span> <span class='ocrx_word' id='word_1_122' title='bbox 1023 2748 1157 2845; x_wconf 90' lang='lat' dir='ltr'>Iapygia</span> <span class='ocrx_word' id='word_1_123' title='bbox 1196 2750 1254 2816; x_wconf 88' lang='lat' dir='ltr'>iter</span> <span class='ocrx_word' id='word_1_124' title='bbox 1289 2740 1440 2817; x_wconf 85' lang='lat' dir='ltr'>facientes</span> <span class='ocrx_word' id='word_1_125' title='bbox 1467 2750 1532 2831; x_wconf 84' lang='lat' dir='ltr'>(vt</span> <span class='ocrx_word' id='word_1_126' title='bbox 1572 2742 1704 2843; x_wconf 91' lang='lat' dir='ltr'>quidam</span> <span class='ocrx_word' id='word_1_127' title='bbox 1741 2742 1931 2837; x_wconf 84' lang='lat' dir='ltr'>censent)</span> <span class='ocrx_word' id='word_1_128' title='bbox 1921 2770 1958 2817; x_wconf 86' lang='lat' dir='ltr'>m</span> 
     </span>
     <span class='ocr_line' id='line_1_16' title="bbox 669 2842 1958 2967; baseline -0.001 -47"><span class='ocrx_word' id='word_1_129' title='bbox 669 2846 894 2960; x_wconf 88' lang='lat' dir='ltr'>Epidamnum</span> <span class='ocrx_word' id='word_1_130' title='bbox 921 2842 1122 2929; x_wconf 87' lang='lat' dir='ltr'>tranlierint,</span> <span class='ocrx_word' id='word_1_131' title='bbox 1149 2861 1184 2915; x_wconf 88' lang='lat' dir='ltr'>et</span> <span class='ocrx_word' id='word_1_132' title='bbox 1207 2846 1320 2915; x_wconf 90' lang='lat' dir='ltr'>hinc</span> <span class='ocrx_word' id='word_1_133' title='bbox 1310 2871 1345 2915; x_wconf 89' lang='lat' dir='ltr'>m</span> <span class='ocrx_word' id='word_1_134' title='bbox 1372 2870 1444 2916; x_wconf 89' lang='lat' dir='ltr'>eam</span> <span class='ocrx_word' id='word_1_135' title='bbox 1469 2849 1662 2944; x_wconf 84' lang='lat' dir='ltr'>regionem,</span> <span class='ocrx_word' id='word_1_136' title='bbox 1685 2873 1787 2967; x_wconf 89' lang='lat' dir='ltr'>quam</span> <span class='ocrx_word' id='word_1_137' title='bbox 1823 2843 1958 2919; x_wconf 86' lang='lat' dir='ltr'>tandem</span> 
     </span>
    </p>
   </div>
   <div class='ocr_carea' id='block_1_5' title="bbox 558 2941 1957 3047">
    <p class='ocr_par' dir='ltr' id='par_1_5' title="bbox 558 2941 1957 3047">
     <span class='ocr_line' id='line_1_17' title="bbox 558 2941 1957 3047; baseline -0.003 -20"><span class='ocrx_word' id='word_1_138' title='bbox 558 3016 563 3027; x_wconf 89' lang='lat'>.</span> <span class='ocrx_word' id='word_1_139' title='bbox 668 2944 852 3031; x_wconf 82' lang='lat' dir='ltr'>subiecere,</span> <span class='ocrx_word' id='word_1_140' title='bbox 876 2949 1104 3047; x_wconf 87' lang='lat' dir='ltr'>peruenerint,</span> <span class='ocrx_word' id='word_1_141' title='bbox 1131 2941 1199 3016; x_wconf 87' lang='lat' dir='ltr'>line</span> <span class='ocrx_word' id='word_1_142' title='bbox 1225 2972 1300 3017; x_wconf 86' lang='lat' dir='ltr'>curn</span> <span class='ocrx_word' id='word_1_143' title='bbox 1329 2942 1427 3018; x_wconf 80' lang='lat' dir='ltr'>ellent</span> <span class='ocrx_word' id='word_1_144' title='bbox 1452 2942 1581 3017; x_wconf 89' lang='lat' dir='ltr'>finitimi</span> <span class='ocrx_word' id='word_1_145' title='bbox 1605 2944 1693 3018; x_wconf 95' lang='lat' dir='ltr'>lll</span> <span class='ocrx_word' id='word_1_146' title='bbox 1642 2954 1717 3042; x_wconf 86' lang='lat' dir='ltr'>yrris</span> <span class='ocrx_word' id='word_1_147' title='bbox 1732 2945 1957 3046; x_wconf 83' lang='lat' dir='ltr'>Epidamnum</span> 
     </span>
    </p>
   </div>
   <div class='ocr_carea' id='block_1_6' title="bbox 673 3043 1957 3284">
    <p class='ocr_par' dir='ltr' id='par_1_6' title="bbox 673 3043 1957 3251">
     <span class='ocr_line' id='line_1_18' title="bbox 673 3043 1957 3163; baseline -0.002 -42"><span class='ocrx_word' id='word_1_148' title='bbox 673 3049 874 3129; x_wconf 88' lang='lat' dir='ltr'>colentibus,</span> <span class='ocrx_word' id='word_1_149' title='bbox 903 3043 1089 3118; x_wconf 88' lang='lat' dir='ltr'>accedentes</span> <span class='ocrx_word' id='word_1_150' title='bbox 1113 3044 1267 3143; x_wconf 88' lang='lat' dir='ltr'>paulatim</span> <span class='ocrx_word' id='word_1_151' title='bbox 1292 3051 1462 3163; x_wconf 80' lang='lat' dir='ltr'>regionem</span> <span class='ocrx_word' id='word_1_152' title='bbox 1487 3044 1684 3143; x_wconf 88' lang='lat' dir='ltr'>Epidamni,</span> <span class='ocrx_word' id='word_1_153' title='bbox 1732 3074 1772 3119; x_wconf 90' lang='lat' dir='ltr'>a</span> <span class='ocrx_word' id='word_1_154' title='bbox 1796 3075 1830 3120; x_wconf 90' lang='grc' dir='ltr'>ιιι</span> <span class='ocrx_word' id='word_1_155' title='bbox 1852 3052 1957 3121; x_wconf 87' lang='lat' dir='ltr'>orien-</span> 
     </span>
     <span class='ocr_line' id='line_1_19' title="bbox 676 3074 1955 3284; baseline -0.002 -59"><span class='ocrx_word' id='word_1_156' title='bbox 676 3170 745 3227; x_wconf 83' lang='lat' dir='ltr'>tem</span> <span class='ocrx_word' id='word_1_157' title='bbox 768 3167 880 3251; x_wconf 84' lang='lat' dir='ltr'>patet,</span> <span class='ocrx_word' id='word_1_158' title='bbox 906 3149 1158 3249; x_wconf 86' lang='lat' dir='ltr'>occupaueriut,</span> <span class='ocrx_word' id='word_1_159' title='bbox 1185 3142 1504 3249; x_wconf 88' lang='lat' dir='ltr'>nescio-quaratione</span> <span class='ocrx_word' id='word_1_160' title='bbox 1518 3172 1616 3284; x_wconf 83' lang='lat' dir='ltr'>quarn</span> <span class='ocrx_word' id='word_1_161' title='bbox 1631 3074 1795 3228; x_wconf 66' lang='lat' dir='ltr'>ventilare·</span> <span class='ocrx_word' id='word_1_162' title='bbox 1791 3146 1955 3250; x_wconf 80' lang='lat' dir='ltr'>&#39;alle&#39;quar</span> 
     </span>
    </p>
   </div>
   <div class='ocr_carea' id='block_1_7' title="bbox 1148 3326 1377 3462">
    <p class='ocr_par' dir='ltr' id='par_1_7' title="bbox 1148 3326 1377 3462">
     <span class='ocr_line' id='line_1_20' title="bbox 1148 3326 1377 3462; baseline -0.005 -24"><span class='ocrx_word' id='word_1_163' title='bbox 1148 3326 1151 3337; x_wconf 34' lang='grc' dir='ltr'>Ι</span> <span class='ocrx_word' id='word_1_164' title='bbox 1256 3365 1377 3462; x_wconf 32' lang='lat' dir='ltr'>§maer</span> 
     </span>
    </p>
   </div>
   <div class='ocr_carea' id='block_1_8' title="bbox 563 3534 1977 5022">
    <p class='ocr_par' dir='ltr' id='par_1_8' title="bbox 563 3534 1962 4761">
     <span class='ocr_line' id='line_1_21' title="bbox 775 3534 1960 3646; baseline 0.007 -32"><span class='ocrx_word' id='word_1_165' title='bbox 775 3546 821 3615; x_wconf 89' lang='lat' dir='ltr'>At</span> <span class='ocrx_word' id='word_1_166' title='bbox 843 3564 906 3613; x_wconf 91' lang='lat' dir='ltr'>nos</span> <span class='ocrx_word' id='word_1_167' title='bbox 929 3534 1195 3637; x_wconf 86' lang='lat' dir='ltr'>explanabimus,</span> <span class='ocrx_word' id='word_1_168' title='bbox 1223 3558 1258 3615; x_wconf 88' lang='lat' dir='ltr'>vt</span> <span class='ocrx_word' id='word_1_169' title='bbox 1283 3560 1413 3639; x_wconf 81' lang='lat' dir='ltr'>utraque</span> <span class='ocrx_word' id='word_1_170' title='bbox 1428 3542 1507 3613; x_wconf 86' lang='lat' dir='ltr'>haec</span> <span class='ocrx_word' id='word_1_171' title='bbox 1518 3542 1694 3617; x_wconf 85' lang='lat' dir='ltr'>hommum</span> <span class='ocrx_word' id='word_1_172' title='bbox 1710 3570 1852 3646; x_wconf 89' lang='lat' dir='ltr'>genera,</span> <span class='ocrx_word' id='word_1_173' title='bbox 1867 3547 1960 3644; x_wconf 91' lang='lat' dir='ltr'>Try</span> 
     </span>
     <span class='ocr_line' id='line_1_22' title="bbox 673 3635 1959 3759; baseline 0.008 -46"><span class='ocrx_word' id='word_1_174' title='bbox 673 3640 736 3713; x_wconf 89' lang='lat' dir='ltr'>bali</span> <span class='ocrx_word' id='word_1_175' title='bbox 761 3662 793 3714; x_wconf 90' lang='lat' dir='ltr'>et</span> <span class='ocrx_word' id='word_1_176' title='bbox 818 3639 956 3723; x_wconf 89' lang='lat' dir='ltr'>Albani,</span> <span class='ocrx_word' id='word_1_177' title='bbox 982 3635 1096 3737; x_wconf 84' lang='lat' dir='ltr'>egreffi</span> <span class='ocrx_word' id='word_1_178' title='bbox 1120 3639 1159 3711; x_wconf 84' lang='lat' dir='ltr'>ab</span> <span class='ocrx_word' id='word_1_179' title='bbox 1186 3668 1224 3713; x_wconf 94' lang='lat' dir='ltr'>ea</span> <span class='ocrx_word' id='word_1_180' title='bbox 1243 3648 1399 3759; x_wconf 87' lang='lat' dir='ltr'>regione,</span> <span class='ocrx_word' id='word_1_181' title='bbox 1430 3667 1511 3741; x_wconf 83' lang='lat' dir='ltr'>quae</span> <span class='ocrx_word' id='word_1_182' title='bbox 1537 3638 1657 3740; x_wconf 71' lang='lat' dir='ltr'>spedat</span> <span class='ocrx_word' id='word_1_183' title='bbox 1681 3650 1836 3732; x_wconf 89' lang='lat' dir='ltr'>lonium,</span> <span class='ocrx_word' id='word_1_184' title='bbox 1861 3670 1959 3722; x_wconf 67' lang='lat' dir='ltr'>trans«</span> 
     </span>
     <span class='ocr_line' id='line_1_23' title="bbox 674 3743 1959 3858; baseline 0.009 -45"><span class='ocrx_word' id='word_1_185' title='bbox 674 3747 749 3813; x_wconf 84' lang='lat' dir='ltr'>irint</span> <span class='ocrx_word' id='word_1_186' title='bbox 774 3764 831 3840; x_wconf 90' lang='lat' dir='ltr'>per</span> <span class='ocrx_word' id='word_1_187' title='bbox 859 3746 1028 3839; x_wconf 88' lang='lat' dir='ltr'>regionem</span> <span class='ocrx_word' id='word_1_188' title='bbox 1055 3744 1225 3858; x_wconf 85' lang='lat' dir='ltr'>Europae,</span> <span class='ocrx_word' id='word_1_189' title='bbox 1264 3768 1345 3841; x_wconf 87' lang='lat' dir='ltr'>quae</span> <span class='ocrx_word' id='word_1_190' title='bbox 1369 3748 1403 3813; x_wconf 93' lang='lat' dir='ltr'>in</span> <span class='ocrx_word' id='word_1_191' title='bbox 1430 3743 1589 3815; x_wconf 86' lang='lat' dir='ltr'>orientem</span> <span class='ocrx_word' id='word_1_192' title='bbox 1615 3754 1742 3850; x_wconf 88' lang='lat' dir='ltr'>vergit,</span> <span class='ocrx_word' id='word_1_193' title='bbox 1771 3751 1879 3849; x_wconf 89' lang='lat' dir='ltr'>ibique</span> <span class='ocrx_word' id='word_1_194' title='bbox 1903 3754 1959 3823; x_wconf 89' lang='lat' dir='ltr'>ha·</span> 
     </span>
     <span class='ocr_line' id='line_1_24' title="bbox 675 3837 1959 3944; baseline 0.008 -31"><span class='ocrx_word' id='word_1_195' title='bbox 675 3844 864 3925; x_wconf 87' lang='lat' dir='ltr'>bitanerint,</span> <span class='ocrx_word' id='word_1_196' title='bbox 889 3866 951 3911; x_wconf 91' lang='lat' dir='ltr'>nec</span> <span class='ocrx_word' id='word_1_197' title='bbox 975 3837 1121 3911; x_wconf 85' lang='lat' dir='ltr'>modicas</span> <span class='ocrx_word' id='word_1_198' title='bbox 1147 3846 1294 3941; x_wconf 85' lang='lat' dir='ltr'>regiones</span> <span class='ocrx_word' id='word_1_199' title='bbox 1319 3840 1412 3915; x_wconf 89' lang='lat' dir='ltr'>suo</span> <span class='ocrx_word' id='word_1_200' title='bbox 1404 3848 1543 3944; x_wconf 78' lang='lat' dir='ltr'>imperio</span> <span class='ocrx_word' id='word_1_201' title='bbox 1568 3841 1762 3932; x_wconf 86' lang='lat' dir='ltr'>adiecerint,</span> <span class='ocrx_word' id='word_1_202' title='bbox 1787 3847 1959 3926; x_wconf 84' lang='lat' dir='ltr'>versnsoe·</span> 
     </span>
     <span class='ocr_line' id='line_1_25' title="bbox 675 3933 1958 4046; baseline 0.01 -32"><span class='ocrx_word' id='word_1_203' title='bbox 675 3940 873 4015; x_wconf 90' lang='lat' dir='ltr'>cidentem</span> <span class='ocrx_word' id='word_1_204' title='bbox 865 3963 923 4013; x_wconf 83' lang='lat' dir='ltr'>tter</span> <span class='ocrx_word' id='word_1_205' title='bbox 945 3939 1163 4013; x_wconf 78' lang='lat' dir='ltr'>instituentes:</span> <span class='ocrx_word' id='word_1_206' title='bbox 1196 3971 1272 4015; x_wconf 88' lang='lat' dir='ltr'>curn</span> <span class='ocrx_word' id='word_1_207' title='bbox 1306 3949 1403 4016; x_wconf 88' lang='lat' dir='ltr'>etiam</span> <span class='ocrx_word' id='word_1_208' title='bbox 1436 3933 1683 4046; x_wconf 89' lang='lat' dir='ltr'>propemodum</span> <span class='ocrx_word' id='word_1_209' title='bbox 1718 3948 1757 4022; x_wconf 90' lang='lat' dir='ltr'>ad</span> <span class='ocrx_word' id='word_1_210' title='bbox 1791 3956 1958 4027; x_wconf 86' lang='lat' dir='ltr'>Euxinum</span> 
     </span>
     <span class='ocr_line' id='line_1_26' title="bbox 673 4039 1958 4137; baseline 0.008 -21"><span class='ocrx_word' id='word_1_211' title='bbox 673 4070 764 4116; x_wconf 86' lang='lat' dir='ltr'>mare</span> <span class='ocrx_word' id='word_1_212' title='bbox 789 4039 996 4121; x_wconf 76' lang='lat' dir='ltr'>accesserint,</span> <span class='ocrx_word' id='word_1_213' title='bbox 1022 4040 1153 4113; x_wconf 85' lang='lat' dir='ltr'>lllrum</span> <span class='ocrx_word' id='word_1_214' title='bbox 1163 4065 1195 4117; x_wconf 90' lang='lat' dir='ltr'>et</span> <span class='ocrx_word' id='word_1_215' title='bbox 1226 4042 1424 4117; x_wconf 70' lang='lat' dir='ltr'>Thessaliam</span> <span class='ocrx_word' id='word_1_216' title='bbox 1459 4045 1600 4121; x_wconf 90' lang='lat' dir='ltr'>adierint.</span> <span class='ocrx_word' id='word_1_217' title='bbox 1653 4055 1744 4137; x_wconf 90' lang='lat' dir='ltr'>Quae</span> <span class='ocrx_word' id='word_1_218' title='bbox 1777 4058 1889 4127; x_wconf 89' lang='lat' dir='ltr'>omnia</span> <span class='ocrx_word' id='word_1_219' title='bbox 1923 4060 1958 4126; x_wconf 87' lang='lat' dir='ltr'>iu</span> 
     </span>
     <span class='ocr_line' id='line_1_27' title="bbox 675 4140 1977 4245; baseline 0.009 -29"><span class='ocrx_word' id='word_1_220' title='bbox 675 4148 765 4217; x_wconf 90' lang='lat' dir='ltr'>hunc</span> <span class='ocrx_word' id='word_1_221' title='bbox 788 4140 930 4215; x_wconf 89' lang='lat' dir='ltr'>modum</span> <span class='ocrx_word' id='word_1_222' title='bbox 955 4162 1140 4217; x_wconf 90' lang='lat' dir='ltr'>euenerunt.</span> <span class='ocrx_word' id='word_1_223' title='bbox 1192 4148 1264 4218; x_wconf 89' lang='lat' dir='ltr'>Rex</span> <span class='ocrx_word' id='word_1_224' title='bbox 1288 4150 1410 4219; x_wconf 91' lang='lat' dir='ltr'>horum</span> <span class='ocrx_word' id='word_1_225' title='bbox 1436 4145 1470 4208; x_wconf 79' lang='lat' dir='ltr'>l)</span> <span class='ocrx_word' id='word_1_226' title='bbox 1497 4144 1678 4245; x_wconf 85' lang='lat' dir='ltr'>digrediens</span> <span class='ocrx_word' id='word_1_227' title='bbox 1703 4154 1742 4224; x_wconf 89' lang='lat' dir='ltr'>ab</span> <span class='ocrx_word' id='word_1_228' title='bbox 1775 4155 1852 4227; x_wconf 93' lang='lat' dir='ltr'>vrbe</span> <span class='ocrx_word' id='word_1_229' title='bbox 1883 4159 1977 4228; x_wconf 89' lang='lat' dir='ltr'>Sco-</span> 
     </span>
     <span class='ocr_line' id='line_1_28' title="bbox 676 4244 1961 4345; baseline 0.012 -30"><span class='ocrx_word' id='word_1_230' title='bbox 676 4250 833 4343; x_wconf 88' lang='lat' dir='ltr'>piorum,</span> <span class='ocrx_word' id='word_1_231' title='bbox 859 4247 1002 4315; x_wconf 75' lang='lat' dir='ltr'>munima</span> <span class='ocrx_word' id='word_1_232' title='bbox 1028 4248 1101 4314; x_wconf 89' lang='lat' dir='ltr'>viris</span> <span class='ocrx_word' id='word_1_233' title='bbox 1126 4250 1186 4315; x_wconf 87' lang='lat' dir='ltr'>rei</span> <span class='ocrx_word' id='word_1_234' title='bbox 1198 4246 1339 4319; x_wconf 89' lang='lat' dir='ltr'>militaris</span> <span class='ocrx_word' id='word_1_235' title='bbox 1365 4244 1554 4345; x_wconf 74' lang='lat' dir='ltr'>peritillunis</span> <span class='ocrx_word' id='word_1_236' title='bbox 1580 4272 1613 4323; x_wconf 90' lang='lat' dir='ltr'>et</span> <span class='ocrx_word' id='word_1_237' title='bbox 1648 4250 1837 4329; x_wconf 85' lang='lat' dir='ltr'>validiffimo</span> <span class='ocrx_word' id='word_1_238' title='bbox 1871 4284 1961 4330; x_wconf 82' lang='lat' dir='ltr'>exer-</span> 
     </span>
     <span class='ocr_line' id='line_1_29' title="bbox 563 4343 1963 4448; baseline 0.012 -34"><span class='ocrx_word' id='word_1_239' title='bbox 563 4408 568 4414; x_wconf 91' lang='lat'>.</span> <span class='ocrx_word' id='word_1_240' title='bbox 676 4351 765 4428; x_wconf 91' lang='lat' dir='ltr'>citu,</span> <span class='ocrx_word' id='word_1_241' title='bbox 789 4344 862 4417; x_wconf 89' lang='lat' dir='ltr'>loca</span> <span class='ocrx_word' id='word_1_242' title='bbox 876 4343 1037 4417; x_wconf 85' lang='lat' dir='ltr'>Castoriae</span> <span class='ocrx_word' id='word_1_243' title='bbox 1064 4343 1260 4419; x_wconf 84' lang='lat' dir='ltr'>finitimam</span> <span class='ocrx_word' id='word_1_244' title='bbox 1274 4346 1433 4421; x_wconf 91' lang='lat' dir='ltr'>ditionem</span> <span class='ocrx_word' id='word_1_245' title='bbox 1458 4347 1590 4448; x_wconf 89' lang='lat' dir='ltr'>redegit.</span> <span class='ocrx_word' id='word_1_246' title='bbox 1641 4358 1745 4429; x_wconf 88' lang='lat' dir='ltr'>Motis</span> <span class='ocrx_word' id='word_1_247' title='bbox 1770 4354 1887 4432; x_wconf 89' lang='lat' dir='ltr'>deinde</span> <span class='ocrx_word' id='word_1_248' title='bbox 1911 4386 1963 4431; x_wconf 90' lang='lat' dir='ltr'>ca·</span> 
     </span>
     <span class='ocr_line' id='line_1_30' title="bbox 677 4443 1962 4552; baseline 0.015 -33"><span class='ocrx_word' id='word_1_249' title='bbox 677 4446 779 4537; x_wconf 85' lang='lat' dir='ltr'>llris&#39;</span> <span class='ocrx_word' id='word_1_250' title='bbox 770 4472 805 4516; x_wconf 91' lang='lat' dir='ltr'>m</span> <span class='ocrx_word' id='word_1_251' title='bbox 828 4443 1084 4529; x_wconf 87' lang='lat' dir='ltr'>Macedoniam,</span> <span class='ocrx_word' id='word_1_252' title='bbox 1109 4469 1235 4543; x_wconf 91' lang='lat' dir='ltr'>praeter</span> <span class='ocrx_word' id='word_1_253' title='bbox 1259 4452 1446 4523; x_wconf 90' lang='lat' dir='ltr'>Thermam</span> <span class='ocrx_word' id='word_1_254' title='bbox 1476 4455 1588 4523; x_wconf 88' lang='lat' dir='ltr'>omnia</span> <span class='ocrx_word' id='word_1_255' title='bbox 1616 4448 1703 4527; x_wconf 90' lang='lat' dir='ltr'>subin</span> <span class='ocrx_word' id='word_1_256' title='bbox 1730 4484 1818 4552; x_wconf 87' lang='lat' dir='ltr'>ans,</span> <span class='ocrx_word' id='word_1_257' title='bbox 1839 4457 1962 4537; x_wconf 84' lang='lat' dir='ltr'>bellum</span> 
     </span>
     <span class='ocr_line' id='line_1_31' title="bbox 675 4483 1961 4681; baseline 0.012 -62"><span class='ocrx_word' id='word_1_258' title='bbox 675 4546 717 4619; x_wconf 89' lang='lat' dir='ltr'>ad</span> <span class='ocrx_word' id='word_1_259' title='bbox 743 4549 864 4619; x_wconf 84' lang='lat' dir='ltr'>Sauum</span> <span class='ocrx_word' id='word_1_260' title='bbox 890 4549 937 4608; x_wconf 75' lang='lat' dir='ltr'>m)</span> <span class='ocrx_word' id='word_1_261' title='bbox 961 4570 1060 4643; x_wconf 90' lang='lat' dir='ltr'>vsque</span> <span class='ocrx_word' id='word_1_262' title='bbox 1086 4555 1284 4667; x_wconf 83' lang='lat' dir='ltr'>promouit·</span> <span class='ocrx_word' id='word_1_263' title='bbox 1312 4571 1343 4623; x_wconf 92' lang='lat' dir='ltr'>et</span> <span class='ocrx_word' id='word_1_264' title='bbox 1365 4556 1398 4621; x_wconf 92' lang='lat' dir='ltr'>in</span> <span class='ocrx_word' id='word_1_265' title='bbox 1425 4550 1511 4623; x_wconf 84' lang='lat' dir='ltr'>lllria</span> <span class='ocrx_word' id='word_1_266' title='bbox 1535 4578 1584 4626; x_wconf 88' lang='lat' dir='ltr'>res</span> <span class='ocrx_word' id='word_1_267' title='bbox 1614 4483 1818 4657; x_wconf 69' lang='lat' dir='ltr'>praeclare</span> <span class='ocrx_word' id='word_1_268' title='bbox 1789 4586 1961 4681; x_wconf 81' lang='lat' dir='ltr'>gerens,</span> 
     </span>
     <span class='ocr_line' id='line_1_32' title="bbox 677 4642 1962 4761; baseline 0.009 -40"><span class='ocrx_word' id='word_1_269' title='bbox 677 4642 821 4722; x_wconf 77' lang='lat' dir='ltr'>uniuersa</span> <span class='ocrx_word' id='word_1_270' title='bbox 844 4674 880 4721; x_wconf 90' lang='lat' dir='ltr'>ea</span> <span class='ocrx_word' id='word_1_271' title='bbox 904 4648 1085 4748; x_wconf 82' lang='lat' dir='ltr'>potiebatur</span> <span class='ocrx_word' id='word_1_272' title='bbox 1109 4654 1254 4751; x_wconf 90' lang='lat' dir='ltr'>regione.</span> <span class='ocrx_word' id='word_1_273' title='bbox 1285 4648 1470 4753; x_wconf 84' lang='lat' dir='ltr'>Dispolitir</span> <span class='ocrx_word' id='word_1_274' title='bbox 1495 4649 1570 4726; x_wconf 90' lang='lat' dir='ltr'>dein</span> <span class='ocrx_word' id='word_1_275' title='bbox 1591 4682 1651 4757; x_wconf 92' lang='lat' dir='ltr'>per</span> <span class='ocrx_word' id='word_1_276' title='bbox 1674 4664 1843 4761; x_wconf 89' lang='lat' dir='ltr'>Europam</span> <span class='ocrx_word' id='word_1_277' title='bbox 1875 4666 1962 4745; x_wconf 79' lang='lat' dir='ltr'>viris,</span> 
     </span>
    </p>

    <p class='ocr_par' dir='ltr' id='par_1_9' title="bbox 713 4764 1962 4951">
     <span class='ocr_line' id='line_1_33' title="bbox 1890 4764 1962 4837; baseline 0 0"><span class='ocrx_word' id='word_1_278' title='bbox 1890 4764 1962 4837; x_wconf 76' lang='lat' dir='ltr'>‘vbi</span> 
     </span>
     <span class='ocr_line' id='line_1_34' title="bbox 713 4868 1555 5022; baseline 0.012 -96"><span class='ocrx_word' id='word_1_279' title='bbox 713 4869 758 4941; x_wconf 73' lang='lat' dir='ltr'>A)</span> <span class='ocrx_word' id='word_1_280' title='bbox 780 4868 898 4930; x_wconf 86' lang='lat' dir='ltr'>Addit</span> <span class='ocrx_word' id='word_1_281' title='bbox 889 4884 1041 4951; x_wconf 78' lang='lat' dir='ltr'>interpres.</span> <span class='ocrx_word' id='word_1_282' title='bbox 1377 4890 1437 5022; x_wconf 72' lang='lat' dir='ltr'>qur.</span> <span class='ocrx_word' id='word_1_283' title='bbox 1461 4874 1555 4959; x_wconf 89' lang='lat' dir='ltr'>Id.p.</span> 
     </span>
    </p>
   </div>
   <div class='ocr_carea' id='block_1_9' title="bbox 631 4894 1959 5283">
    <p class='ocr_par' dir='ltr' id='par_1_10' title="bbox 671 4894 1959 5225">
     <span class='ocr_line' id='line_1_35' title="bbox 709 4894 1959 5053; baseline 0.013 -40"><span class='ocrx_word' id='word_1_284' title='bbox 709 4956 750 5033; x_wconf 78' lang='lat' dir='ltr'>i)</span> <span class='ocrx_word' id='word_1_285' title='bbox 772 4952 883 5014; x_wconf 70' lang='lat' dir='ltr'>bosnae</span> <span class='ocrx_word' id='word_1_286' title='bbox 905 4952 1070 5029; x_wconf 81' lang='lat' dir='ltr'>intelligere</span> <span class='ocrx_word' id='word_1_287' title='bbox 1093 4956 1229 5035; x_wconf 86' lang='lat' dir='ltr'>videtur,</span> <span class='ocrx_word' id='word_1_288' title='bbox 1251 4957 1287 5021; x_wconf 87' lang='lat' dir='ltr'>de</span> <span class='ocrx_word' id='word_1_289' title='bbox 1380 4894 1623 5044; x_wconf 68' lang='lat' dir='ltr'>Astapanal,</span> <span class='ocrx_word' id='word_1_290' title='bbox 1647 4980 1679 5029; x_wconf 84' lang='grc' dir='ltr'>ιι</span> <span class='ocrx_word' id='word_1_291' title='bbox 1708 4986 1745 5029; x_wconf 86' lang='lat' dir='ltr'>ex</span> <span class='ocrx_word' id='word_1_292' title='bbox 1773 4963 1959 5053; x_wconf 83' lang='lat' dir='ltr'>sequentibus</span> 
     </span>
     <span class='ocr_line' id='line_1_36' title="bbox 671 5038 1427 5129; baseline 0.011 -27"><span class='ocrx_word' id='word_1_293' title='bbox 671 5042 778 5119; x_wconf 82' lang='lat' dir='ltr'>quibus</span> <span class='ocrx_word' id='word_1_294' title='bbox 804 5062 870 5100; x_wconf 89' lang='lat' dir='ltr'>cum</span> <span class='ocrx_word' id='word_1_295' title='bbox 892 5040 943 5120; x_wconf 84' lang='lat' dir='ltr'>ipfi</span> <span class='ocrx_word' id='word_1_296' title='bbox 934 5038 1099 5120; x_wconf 76' lang='lat' dir='ltr'>rinfrap.</span> <span class='ocrx_word' id='word_1_297' title='bbox 1122 5042 1179 5114; x_wconf 64' lang='grc'><strong>283.</strong></span> <span class='ocrx_word' id='word_1_298' title='bbox 1192 5040 1289 5109; x_wconf 84' lang='lat' dir='ltr'>sermo</span> <span class='ocrx_word' id='word_1_299' title='bbox 1340 5061 1427 5129; x_wconf 73' lang='lat' dir='ltr'>patet</span> 
     </span>
     <span class='ocr_line' id='line_1_37' title="bbox 631 5121 1631 5283; baseline 0.009 -95.35"><span class='ocrx_word' id='word_1_300' title='bbox 631 5130 735 5199; x_wconf 82' lang='lat' dir='ltr'>est,</span> <span class='ocrx_word' id='word_1_301' title='bbox 760 5113 862 5187; x_wconf 83' lang='lat' dir='ltr'>fimilia</span> <span class='ocrx_word' id='word_1_302' title='bbox 886 5128 985 5186; x_wconf 88' lang='lat' dir='ltr'>omnia</span> <span class='ocrx_word' id='word_1_303' title='bbox 1010 5133 1176 5195; x_wconf 83' lang='lat' dir='ltr'>occurrunt.</span> <span class='ocrx_word' id='word_1_304' title='bbox 1391 5130 1456 5225; x_wconf 83' lang='lat' dir='ltr'>m)</span> <span class='ocrx_word' id='word_1_305' title='bbox 1474 5121 1631 5283; x_wconf 58' lang='grc' dir='ltr'>Σαβαι</span> 
     </span>
    </p>
   </div>
   <div class='ocr_carea' id='block_1_10' title="bbox 720 5207 1190 5305">
    <p class='ocr_par' dir='ltr' id='par_1_11' title="bbox 720 5207 1190 5305">
     <span class='ocr_line' id='line_1_38' title="bbox 720 5207 1190 5305; baseline 0.009 -22"><span class='ocrx_word' id='word_1_306' title='bbox 720 5174 812 5305; x_wconf 77' lang='lat' dir='ltr'>l)</span> <span class='ocrx_word' id='word_1_307' title='bbox 795 5242 823 5289; x_wconf 83' lang='grc' dir='ltr'>ιι</span> <span class='ocrx_word' id='word_1_308' title='bbox 847 5242 901 5289; x_wconf 80' lang='lat' dir='ltr'>rur</span> <span class='ocrx_word' id='word_1_309' title='bbox 927 5207 1098 5301; x_wconf 72' lang='grc' dir='ltr'>Λλβαιιι.</span> <span class='ocrx_word' id='word_1_310' title='bbox 1185 5286 1190 5295; x_wconf 88' lang='grc'>,</span> 
     </span>
    </p>
   </div>
   <div class='ocr_carea' id='block_1_11' title="bbox 0 0 2334 6992">
    <p class='ocr_par' dir='ltr' id='par_1_12' title="bbox 0 0 2334 6992">
     <span class='ocr_line' id='line_1_39' title="bbox 0 0 2334 6992; baseline 0 0"><span class='ocrx_word' id='word_1_311' title='bbox 0 0 2334 6992; x_wconf 95' lang='lat' dir='ltr'> </span> 
     </span>
    </p>
   </div>
  </div>
 </body>
</html>
