<?xml version="1.0" encoding="UTF-8"?>
<!DOCTYPE html PUBLIC "-//W3C//DTD XHTML 1.0 Transitional//EN"
    "http://www.w3.org/TR/xhtml1/DTD/xhtml1-transitional.dtd">
<html xmlns="http://www.w3.org/1999/xhtml" xml:lang="en" lang="en">
 <head>
  <title>
</title>
<meta http-equiv="Content-Type" content="text/html;charset=utf-8" />
  <meta name='ocr-system' content='tesseract 3.04.00' />
  <meta name='ocr-capabilities' content='ocr_page ocr_carea ocr_par ocr_line ocrx_word'/>
</head>
<body>
  <div class='ocr_page' id='page_1' title='image "./memoriaepopulor00strigoog_0311.png"; bbox 0 0 4642 6992; ppageno 0'>
   <div class='ocr_carea' id='block_1_1' title="bbox 748 1183 1795 1491">
    <p class='ocr_par' dir='ltr' id='par_1_1' title="bbox 748 1183 1795 1491">
     <span class='ocr_line' id='line_1_1' title="bbox 748 1183 1783 1375; baseline 0.001 -3"><span class='ocrx_word' id='word_1_1' title='bbox 748 1183 992 1265; x_wconf 32' lang='lat' dir='ltr'>&#39;mm</span> <span class='ocrx_word' id='word_1_2' title='bbox 1018 1188 1110 1319; x_wconf 66' lang='lat' dir='ltr'>m·</span> <span class='ocrx_word' id='word_1_3' title='bbox 1182 1194 1186 1206; x_wconf 19' lang='grc' dir='ltr'>ι</span> <span class='ocrx_word' id='word_1_4' title='bbox 1516 1226 1639 1369; x_wconf 63' lang='lat' dir='ltr'>⁵⁹⁹rm</span> <span class='ocrx_word' id='word_1_5' title='bbox 1690 1320 1783 1375; x_wconf 67' lang='lat' dir='ltr'>roan</span> 
     </span>
     <span class='ocr_line' id='line_1_2' title="bbox 763 1326 1795 1491; baseline 0.002 -30"><span class='ocrx_word' id='word_1_6' title='bbox 763 1411 792 1463; x_wconf 86' lang='lat' dir='ltr'>a.</span> <span class='ocrx_word' id='word_1_7' title='bbox 828 1393 869 1465; x_wconf 88' lang='lat' dir='ltr'>C.</span> <span class='ocrx_word' id='word_1_8' title='bbox 894 1406 1098 1489; x_wconf 76' lang='lat'>1348—1357.</span> <span class='ocrx_word' id='word_1_9' title='bbox 1151 1408 1160 1439; x_wconf 66' lang='lat'>⁸</span> <span class='ocrx_word' id='word_1_10' title='bbox 1263 1476 1266 1491; x_wconf 40' lang='grc' dir='ltr'>Ι</span> <span class='ocrx_word' id='word_1_11' title='bbox 1592 1326 1740 1463; x_wconf 58' lang='lat' dir='ltr'>Neppl&#39;al.</span> <span class='ocrx_word' id='word_1_12' title='bbox 1783 1352 1795 1375; x_wconf 52' lang='lat'>⁸</span> 
     </span>
    </p>
   </div>
   <div class='ocr_carea' id='block_1_2' title="bbox 267 1496 1741 1621">
    <p class='ocr_par' dir='ltr' id='par_1_2' title="bbox 267 1496 1741 1621">
     <span class='ocr_line' id='line_1_3' title="bbox 267 1496 1741 1621; baseline -0.008 -19"><span class='ocrx_word' id='word_1_13' title='bbox 267 1522 359 1599; x_wconf 77' lang='lat' dir='ltr'>bem</span> <span class='ocrx_word' id='word_1_14' title='bbox 381 1516 543 1596; x_wconf 80' lang='lat' dir='ltr'>Romania</span> <span class='ocrx_word' id='word_1_15' title='bbox 566 1513 670 1611; x_wconf 85' lang='lat' dir='ltr'>eripi,</span> <span class='ocrx_word' id='word_1_16' title='bbox 698 1529 731 1586; x_wconf 92' lang='lat' dir='ltr'>et</span> <span class='ocrx_word' id='word_1_17' title='bbox 754 1511 786 1585; x_wconf 86' lang='lat' dir='ltr'>se</span> <span class='ocrx_word' id='word_1_18' title='bbox 812 1514 949 1587; x_wconf 83' lang='lat' dir='ltr'>barbaris</span> <span class='ocrx_word' id='word_1_19' title='bbox 975 1504 1160 1590; x_wconf 82' lang='lat' dir='ltr'>seminitem</span> <span class='ocrx_word' id='word_1_20' title='bbox 1184 1514 1308 1595; x_wconf 71' lang='lat' dir='ltr'>:sentire</span> <span class='ocrx_word' id='word_1_21' title='bbox 1334 1528 1443 1621; x_wconf 77' lang='lat' dir='ltr'>aequis</span> <span class='ocrx_word' id='word_1_22' title='bbox 1467 1530 1566 1599; x_wconf 71' lang='lat' dir='ltr'>anim*</span> <span class='ocrx_word' id='word_1_23' title='bbox 1592 1496 1741 1545; x_wconf 71' lang='lat' dir='ltr'>tonnae,</span> 
     </span>
    </p>
   </div>
   <div class='ocr_carea' id='block_1_3' title="bbox 285 1552 1725 1727">
    <p class='ocr_par' dir='ltr' id='par_1_3' title="bbox 285 1552 1725 1727">
     <span class='ocr_line' id='line_1_4' title="bbox 285 1552 1725 1727; baseline -0.03 -1"><span class='ocrx_word' id='word_1_24' title='bbox 285 1606 490 1727; x_wconf 55' lang='lat' dir='ltr'>lllfiebmtffi·</span> <span class='ocrx_word' id='word_1_25' title='bbox 518 1612 755 1715; x_wconf 44' lang='lat' dir='ltr'>lQ¹²¹Ps⁰llter</span> <span class='ocrx_word' id='word_1_26' title='bbox 779 1616 1011 1714; x_wconf 66' lang='lat' dir='ltr'>l¹¹¹Pl²¹s²lslrem</span> <span class='ocrx_word' id='word_1_27' title='bbox 1037 1615 1265 1705; x_wconf 68' lang='lat' dir='ltr'>obsecrabant,</span> <span class='ocrx_word' id='word_1_28' title='bbox 1293 1650 1336 1695; x_wconf 89' lang='lat' dir='ltr'>ne</span> <span class='ocrx_word' id='word_1_29' title='bbox 1359 1618 1405 1695; x_wconf 88' lang='lat' dir='ltr'>sui</span> <span class='ocrx_word' id='word_1_30' title='bbox 1433 1622 1508 1699; x_wconf 82' lang='lat' dir='ltr'>esset</span> <span class='ocrx_word' id='word_1_31' title='bbox 1522 1552 1582 1701; x_wconf 73' lang='lat' dir='ltr'>iuls</span> <span class='ocrx_word' id='word_1_32' title='bbox 1596 1571 1725 1641; x_wconf 50' lang='lat' dir='ltr'><em>came*</em></span> 
     </span>
    </p>
   </div>
   <div class='ocr_carea' id='block_1_4' title="bbox 284 1712 1582 1925">
    <p class='ocr_par' dir='ltr' id='par_1_4' title="bbox 284 1712 1582 1925">
     <span class='ocr_line' id='line_1_5' title="bbox 284 1712 1582 1819; baseline -0.006 -20"><span class='ocrx_word' id='word_1_33' title='bbox 284 1750 436 1805; x_wconf 83' lang='lat' dir='ltr'>memor,</span> <span class='ocrx_word' id='word_1_34' title='bbox 462 1713 516 1791; x_wconf 87' lang='lat' dir='ltr'>sed</span> <span class='ocrx_word' id='word_1_35' title='bbox 542 1741 641 1816; x_wconf 89' lang='lat' dir='ltr'>quam</span> <span class='ocrx_word' id='word_1_36' title='bbox 668 1712 816 1814; x_wconf 73' lang='lat' dir='ltr'>citiffime</span> <span class='ocrx_word' id='word_1_37' title='bbox 841 1744 947 1818; x_wconf 89' lang='lat' dir='ltr'>opem</span> <span class='ocrx_word' id='word_1_38' title='bbox 969 1715 1076 1793; x_wconf 87' lang='lat' dir='ltr'>ferret.</span> <span class='ocrx_word' id='word_1_39' title='bbox 1127 1725 1217 1801; x_wconf 84' lang='lat' dir='ltr'>Nam</span> <span class='ocrx_word' id='word_1_40' title='bbox 1243 1722 1495 1819; x_wconf 69' lang='lat' dir='ltr'>sinuaretur,</span> <span class='ocrx_word' id='word_1_41' title='bbox 1530 1757 1582 1803; x_wconf 78' lang='lat' dir='ltr'>vr.</span> 
     </span>
     <span class='ocr_line' id='line_1_6' title="bbox 285 1816 1579 1925; baseline 0.004 -27"><span class='ocrx_word' id='word_1_42' title='bbox 285 1831 357 1905; x_wconf 85' lang='lat' dir='ltr'>bem</span> <span class='ocrx_word' id='word_1_43' title='bbox 385 1824 494 1925; x_wconf 79' lang='lat' dir='ltr'>paucis</span> <span class='ocrx_word' id='word_1_44' title='bbox 520 1816 631 1893; x_wconf 84' lang='lat' dir='ltr'>diebus</span> <span class='ocrx_word' id='word_1_45' title='bbox 656 1822 692 1892; x_wconf 88' lang='lat' dir='ltr'>in</span> <span class='ocrx_word' id='word_1_46' title='bbox 715 1818 875 1895; x_wconf 84' lang='lat' dir='ltr'>hostium.</span> <span class='ocrx_word' id='word_1_47' title='bbox 888 1820 1082 1923; x_wconf 85' lang='lat' dir='ltr'>potestatem</span> <span class='ocrx_word' id='word_1_48' title='bbox 1106 1844 1286 1901; x_wconf 75' lang='lat' dir='ltr'>venonam,</span> <span class='ocrx_word' id='word_1_49' title='bbox 1320 1830 1414 1901; x_wconf 85' lang='lat' dir='ltr'>Haec</span> <span class='ocrx_word' id='word_1_50' title='bbox 1438 1828 1483 1906; x_wconf 89' lang='lat' dir='ltr'>illi</span> <span class='ocrx_word' id='word_1_51' title='bbox 1507 1818 1579 1905; x_wconf 88' lang='lat' dir='ltr'>scri·</span> 
     </span>
    </p>
   </div>
   <div class='ocr_carea' id='block_1_5' title="bbox 284 1925 422 2038">
    <p class='ocr_par' dir='ltr' id='par_1_5' title="bbox 284 1925 422 2038">
     <span class='ocr_line' id='line_1_7' title="bbox 284 1925 422 2038; baseline -0.014 -35"><span class='ocrx_word' id='word_1_52' title='bbox 284 1925 422 2038; x_wconf 86' lang='lat' dir='ltr'>pserunt.</span> 
     </span>
    </p>
   </div>
   <div class='ocr_carea' id='block_1_6' title="bbox 862 2022 1080 2121">
    <p class='ocr_par' dir='ltr' id='par_1_6' title="bbox 862 2022 1080 2121">
     <span class='ocr_line' id='line_1_8' title="bbox 862 2022 1080 2121; baseline 0.023 -18"><span class='ocrx_word' id='word_1_53' title='bbox 862 2022 893 2121; x_wconf 59' lang='grc' dir='ltr'>ὗ.</span> <span class='ocrx_word' id='word_1_54' title='bbox 921 2049 991 2119; x_wconf 69' lang='lat' dir='ltr'>aa·</span> <span class='ocrx_word' id='word_1_55' title='bbox 1077 2100 1080 2108; x_wconf 90' lang='lat'>.</span> 
     </span>
    </p>
   </div>
   <div class='ocr_carea' id='block_1_7' title="bbox 274 2163 1743 4618">
    <p class='ocr_par' dir='ltr' id='par_1_7' title="bbox 274 2163 1743 4618">
     <span class='ocr_line' id='line_1_9' title="bbox 384 2163 1683 2283; baseline 0.006 -34"><span class='ocrx_word' id='word_1_56' title='bbox 384 2179 587 2273; x_wconf 73' lang='lat' dir='ltr'>Imperator,</span> <span class='ocrx_word' id='word_1_57' title='bbox 610 2190 677 2245; x_wconf 85' lang='lat' dir='ltr'>tarn</span> <span class='ocrx_word' id='word_1_58' title='bbox 691 2163 871 2269; x_wconf 88' lang='lat' dir='ltr'>praeclarae</span> <span class='ocrx_word' id='word_1_59' title='bbox 898 2172 986 2253; x_wconf 78' lang='lat' dir='ltr'>vrbi,</span> <span class='ocrx_word' id='word_1_60' title='bbox 1011 2168 1282 2273; x_wconf 77' lang='lat' dir='ltr'>tempericulose</span> <span class='ocrx_word' id='word_1_61' title='bbox 1307 2176 1486 2266; x_wconf 77' lang='lat' dir='ltr'>laboranti,</span> <span class='ocrx_word' id='word_1_62' title='bbox 1510 2204 1581 2257; x_wconf 93' lang='lat' dir='ltr'>non</span> <span class='ocrx_word' id='word_1_63' title='bbox 1614 2198 1683 2283; x_wconf 60' lang='grc' dir='ltr'>ιη.</span> 
     </span>
     <span class='ocr_line' id='line_1_10' title="bbox 280 2270 1580 2383; baseline 0.008 -36"><span class='ocrx_word' id='word_1_64' title='bbox 280 2280 393 2355; x_wconf 75' lang='lat' dir='ltr'>venire</span> <span class='ocrx_word' id='word_1_65' title='bbox 415 2276 559 2357; x_wconf 83' lang='lat' dir='ltr'>auxilio,</span> <span class='ocrx_word' id='word_1_66' title='bbox 585 2276 804 2355; x_wconf 83' lang='lat' dir='ltr'>inhumanum</span> <span class='ocrx_word' id='word_1_67' title='bbox 829 2270 1054 2349; x_wconf 80' lang='lat' dir='ltr'>existimabat:</span> <span class='ocrx_word' id='word_1_68' title='bbox 1079 2295 1111 2347; x_wconf 91' lang='lat' dir='ltr'>et</span> <span class='ocrx_word' id='word_1_69' title='bbox 1135 2296 1244 2349; x_wconf 90' lang='lat' dir='ltr'>tamen</span> <span class='ocrx_word' id='word_1_70' title='bbox 1260 2274 1447 2381; x_wconf 83' lang='lat' dir='ltr'>deponere,</span> <span class='ocrx_word' id='word_1_71' title='bbox 1487 2280 1580 2383; x_wconf 89' lang='lat' dir='ltr'>quod</span> 
     </span>
     <span class='ocr_line' id='line_1_11' title="bbox 282 2372 1581 2481; baseline 0.006 -28"><span class='ocrx_word' id='word_1_72' title='bbox 282 2384 395 2453; x_wconf 80' lang='lat' dir='ltr'>animo</span> <span class='ocrx_word' id='word_1_73' title='bbox 423 2378 631 2451; x_wconf 83' lang='lat' dir='ltr'>conliituturlr</span> <span class='ocrx_word' id='word_1_74' title='bbox 658 2372 819 2455; x_wconf 84' lang='lat' dir='ltr'>babebat,</span> <span class='ocrx_word' id='word_1_75' title='bbox 844 2373 942 2447; x_wconf 87' lang='lat' dir='ltr'>etad</span> <span class='ocrx_word' id='word_1_76' title='bbox 971 2374 1051 2449; x_wconf 90' lang='lat' dir='ltr'>bella</span> <span class='ocrx_word' id='word_1_77' title='bbox 1077 2374 1313 2481; x_wconf 68' lang='lat' dir='ltr'>dudantosque</span> <span class='ocrx_word' id='word_1_78' title='bbox 1330 2389 1487 2458; x_wconf 87' lang='lat' dir='ltr'>exercitus</span> <span class='ocrx_word' id='word_1_79' title='bbox 1507 2384 1581 2461; x_wconf 88' lang='lat' dir='ltr'>red·</span> 
     </span>
     <span class='ocr_line' id='line_1_12' title="bbox 283 2472 1578 2579; baseline 0.005 -25"><span class='ocrx_word' id='word_1_80' title='bbox 283 2484 328 2554; x_wconf 88' lang='lat' dir='ltr'>ire</span> <span class='ocrx_word' id='word_1_81' title='bbox 377 2482 599 2555; x_wconf 81' lang='lat' dir='ltr'>rauabamn-</span> <span class='ocrx_word' id='word_1_82' title='bbox 624 2472 781 2572; x_wconf 84' lang='lat' dir='ltr'>Rescribit</span> <span class='ocrx_word' id='word_1_83' title='bbox 813 2477 911 2574; x_wconf 85' lang='lat' dir='ltr'>igitur</span> <span class='ocrx_word' id='word_1_84' title='bbox 947 2474 1029 2561; x_wconf 86' lang='lat' dir='ltr'>illis,</span> <span class='ocrx_word' id='word_1_85' title='bbox 1065 2475 1235 2579; x_wconf 86' lang='lat' dir='ltr'>segnitiem</span> <span class='ocrx_word' id='word_1_86' title='bbox 1261 2484 1300 2555; x_wconf 88' lang='lat' dir='ltr'>ab</span> <span class='ocrx_word' id='word_1_87' title='bbox 1324 2478 1357 2557; x_wconf 87' lang='lat' dir='ltr'>se</span> <span class='ocrx_word' id='word_1_88' title='bbox 1381 2508 1578 2574; x_wconf 87' lang='lat' dir='ltr'>amoueant,</span> 
     </span>
     <span class='ocr_line' id='line_1_13' title="bbox 282 2509 1574 2683; baseline 0.006 -28"><span class='ocrx_word' id='word_1_89' title='bbox 282 2509 500 2683; x_wconf 61' lang='lat' dir='ltr'>prodtoribns</span> <span class='ocrx_word' id='word_1_90' title='bbox 525 2575 558 2653; x_wconf 87' lang='lat' dir='ltr'>se</span> <span class='ocrx_word' id='word_1_91' title='bbox 583 2596 781 2677; x_wconf 83' lang='lat' dir='ltr'>opponant,</span> <span class='ocrx_word' id='word_1_92' title='bbox 806 2576 922 2649; x_wconf 89' lang='lat' dir='ltr'>auxilia</span> <span class='ocrx_word' id='word_1_93' title='bbox 949 2578 1144 2679; x_wconf 81' lang='lat' dir='ltr'>propediem</span> <span class='ocrx_word' id='word_1_94' title='bbox 1170 2578 1349 2658; x_wconf 81' lang='lat' dir='ltr'>missiurirn.</span> <span class='ocrx_word' id='word_1_95' title='bbox 1402 2592 1505 2662; x_wconf 80' lang='lat' dir='ltr'>Mittit</span> <span class='ocrx_word' id='word_1_96' title='bbox 1529 2610 1574 2663; x_wconf 86' lang='lat' dir='ltr'>et·</span> 
     </span>
     <span class='ocr_line' id='line_1_14' title="bbox 283 2680 1578 2787; baseline 0.007 -29"><span class='ocrx_word' id='word_1_97' title='bbox 283 2689 345 2758; x_wconf 83' lang='lat' dir='ltr'>ianr</span> <span class='ocrx_word' id='word_1_98' title='bbox 370 2684 414 2757; x_wconf 91' lang='lat' dir='ltr'>ad</span> <span class='ocrx_word' id='word_1_99' title='bbox 440 2684 631 2757; x_wconf 87' lang='lat' dir='ltr'>Orchanem</span> <span class='ocrx_word' id='word_1_100' title='bbox 654 2704 840 2779; x_wconf 78' lang='lat' dir='ltr'>generum,</span> <span class='ocrx_word' id='word_1_101' title='bbox 866 2700 900 2751; x_wconf 92' lang='lat' dir='ltr'>et</span> <span class='ocrx_word' id='word_1_102' title='bbox 923 2684 1032 2779; x_wconf 87' lang='lat' dir='ltr'>copias</span> <span class='ocrx_word' id='word_1_103' title='bbox 1058 2682 1097 2754; x_wconf 91' lang='lat' dir='ltr'>ab</span> <span class='ocrx_word' id='word_1_104' title='bbox 1122 2708 1164 2755; x_wconf 89' lang='lat' dir='ltr'>eo</span> <span class='ocrx_word' id='word_1_105' title='bbox 1190 2680 1384 2760; x_wconf 81' lang='lat' dir='ltr'>subsidiarias</span> <span class='ocrx_word' id='word_1_106' title='bbox 1411 2695 1498 2787; x_wconf 88' lang='lat' dir='ltr'>petit.</span> <span class='ocrx_word' id='word_1_107' title='bbox 1548 2696 1578 2767; x_wconf 80' lang='lat' dir='ltr'>le</span> 
     </span>
     <span class='ocr_line' id='line_1_15' title="bbox 280 2776 1578 2889; baseline 0.005 -28"><span class='ocrx_word' id='word_1_108' title='bbox 280 2781 382 2861; x_wconf 79' lang='lat' dir='ltr'>subito</span> <span class='ocrx_word' id='word_1_109' title='bbox 409 2786 581 2859; x_wconf 89' lang='lat' dir='ltr'>Sulimano</span> <span class='ocrx_word' id='word_1_110' title='bbox 605 2780 675 2854; x_wconf 85' lang='lat' dir='ltr'>lilio</span> <span class='ocrx_word' id='word_1_111' title='bbox 702 2776 857 2863; x_wconf 88' lang='lat' dir='ltr'>mandat,</span> <span class='ocrx_word' id='word_1_112' title='bbox 891 2806 968 2853; x_wconf 90' lang='lat' dir='ltr'>cum</span> <span class='ocrx_word' id='word_1_113' title='bbox 995 2788 1107 2884; x_wconf 86' lang='lat' dir='ltr'>viginti</span> <span class='ocrx_word' id='word_1_114' title='bbox 1127 2790 1279 2887; x_wconf 24' lang='lat' dir='ltr'>&#39;equitum</span> <span class='ocrx_word' id='word_1_115' title='bbox 1311 2790 1450 2862; x_wconf 81' lang='lat' dir='ltr'>rnillibur</span> <span class='ocrx_word' id='word_1_116' title='bbox 1475 2796 1578 2889; x_wconf 87' lang='lat' dir='ltr'>impe·</span> 
     </span>
     <span class='ocr_line' id='line_1_16' title="bbox 283 2882 1654 2993; baseline 0.003 -30"><span class='ocrx_word' id='word_1_117' title='bbox 283 2893 380 2963; x_wconf 79' lang='lat' dir='ltr'>ratori</span> <span class='ocrx_word' id='word_1_118' title='bbox 407 2887 532 2959; x_wconf 88' lang='lat' dir='ltr'>militet.</span> <span class='ocrx_word' id='word_1_119' title='bbox 585 2882 710 2955; x_wconf 67' lang='lat' dir='ltr'>Volent</span> <span class='ocrx_word' id='word_1_120' title='bbox 735 2902 843 2953; x_wconf 88' lang='lat' dir='ltr'>autem</span> <span class='ocrx_word' id='word_1_121' title='bbox 881 2886 1060 2981; x_wconf 88' lang='lat' dir='ltr'>imperator</span> <span class='ocrx_word' id='word_1_122' title='bbox 1091 2887 1188 2959; x_wconf 89' lang='lat' dir='ltr'>etiam</span> <span class='ocrx_word' id='word_1_123' title='bbox 1220 2892 1276 2961; x_wconf 72' lang='lat' dir='ltr'>im&#39;</span> <span class='ocrx_word' id='word_1_124' title='bbox 1292 2910 1453 2981; x_wconf 82' lang='lat' dir='ltr'>eratorem¹</span> <span class='ocrx_word' id='word_1_125' title='bbox 1482 2918 1580 2993; x_wconf 83' lang='lat' dir='ltr'>gene·</span> <span class='ocrx_word' id='word_1_126' title='bbox 1652 2966 1654 2973; x_wconf 78' lang='grc'>,</span> 
     </span>
     <span class='ocr_line' id='line_1_17' title="bbox 283 2916 1580 3087; baseline 0.004 -23"><span class='ocrx_word' id='word_1_127' title='bbox 283 3015 355 3065; x_wconf 88' lang='lat' dir='ltr'>turn</span> <span class='ocrx_word' id='word_1_128' title='bbox 389 2992 428 3061; x_wconf 88' lang='lat' dir='ltr'>in</span> <span class='ocrx_word' id='word_1_129' title='bbox 454 2983 700 3087; x_wconf 79' lang='lat' dir='ltr'>expeditionem</span> <span class='ocrx_word' id='word_1_130' title='bbox 734 2980 1059 3059; x_wconf 76' lang='lat' dir='ltr'>Thessalonicensem</span> <span class='ocrx_word' id='word_1_131' title='bbox 1093 2984 1203 3061; x_wconf 89' lang='lat' dir='ltr'>secum</span> <span class='ocrx_word' id='word_1_132' title='bbox 1239 2916 1399 3077; x_wconf 79' lang='lat' dir='ltr'>educere,</span> <span class='ocrx_word' id='word_1_133' title='bbox 1434 3000 1580 3069; x_wconf 86' lang='lat' dir='ltr'>trirernet</span> 
     </span>
     <span class='ocr_line' id='line_1_18' title="bbox 285 3087 1580 3195; baseline 0.002 -30"><span class='ocrx_word' id='word_1_134' title='bbox 285 3096 413 3165; x_wconf 78' lang='lat' dir='ltr'>armatis</span> <span class='ocrx_word' id='word_1_135' title='bbox 437 3089 608 3189; x_wconf 81' lang='lat' dir='ltr'>complet,</span> <span class='ocrx_word' id='word_1_136' title='bbox 636 3088 750 3187; x_wconf 79' lang='lat' dir='ltr'>quibus</span> <span class='ocrx_word' id='word_1_137' title='bbox 775 3105 846 3159; x_wconf 88' lang='lat' dir='ltr'>tuto</span> <span class='ocrx_word' id='word_1_138' title='bbox 871 3091 907 3157; x_wconf 90' lang='lat' dir='ltr'>in</span> <span class='ocrx_word' id='word_1_139' title='bbox 926 3087 1158 3162; x_wconf 84' lang='lat' dir='ltr'>Macedoniam</span> <span class='ocrx_word' id='word_1_140' title='bbox 1186 3118 1262 3164; x_wconf 89' lang='lat' dir='ltr'>curn</span> <span class='ocrx_word' id='word_1_141' title='bbox 1290 3120 1331 3167; x_wconf 88' lang='lat' dir='ltr'>eo</span> <span class='ocrx_word' id='word_1_142' title='bbox 1358 3099 1580 3195; x_wconf 75' lang='lat' dir='ltr'>nauigaren-</span> 
     </span>
     <span class='ocr_line' id='line_1_19' title="bbox 284 3184 1577 3295; baseline -0.001 -27"><span class='ocrx_word' id='word_1_143' title='bbox 284 3195 433 3269; x_wconf 78' lang='lat' dir='ltr'>Habebat</span> <span class='ocrx_word' id='word_1_144' title='bbox 458 3214 567 3264; x_wconf 85' lang='lat' dir='ltr'>autern</span> <span class='ocrx_word' id='word_1_145' title='bbox 596 3184 825 3288; x_wconf 83' lang='lat' dir='ltr'>propositum,</span> <span class='ocrx_word' id='word_1_146' title='bbox 849 3215 939 3259; x_wconf 88' lang='lat' dir='ltr'>nunc</span> <span class='ocrx_word' id='word_1_147' title='bbox 965 3186 1098 3289; x_wconf 89' lang='lat' dir='ltr'>quidem</span> <span class='ocrx_word' id='word_1_148' title='bbox 1124 3194 1234 3290; x_wconf 90' lang='lat' dir='ltr'>primo</span> <span class='ocrx_word' id='word_1_149' title='bbox 1261 3200 1385 3295; x_wconf 88' lang='lat' dir='ltr'>impetu</span> <span class='ocrx_word' id='word_1_150' title='bbox 1413 3194 1577 3269; x_wconf 71' lang='lat' dir='ltr'>Triballoi</span> 
     </span>
     <span class='ocr_line' id='line_1_20' title="bbox 285 3284 1684 3391; baseline 0.001 -21"><span class='ocrx_word' id='word_1_151' title='bbox 285 3293 455 3370; x_wconf 76' lang='lat' dir='ltr'>obsidione</span> <span class='ocrx_word' id='word_1_152' title='bbox 481 3290 664 3391; x_wconf 79' lang='lat' dir='ltr'>depellere,</span> <span class='ocrx_word' id='word_1_153' title='bbox 691 3310 724 3362; x_wconf 90' lang='lat' dir='ltr'>et</span> <span class='ocrx_word' id='word_1_154' title='bbox 736 3284 1003 3363; x_wconf 86' lang='lat' dir='ltr'>Thessalonicam</span> <span class='ocrx_word' id='word_1_155' title='bbox 1032 3287 1213 3365; x_wconf 88' lang='lat' dir='ltr'>discrimine</span> <span class='ocrx_word' id='word_1_156' title='bbox 1224 3293 1382 3381; x_wconf 65' lang='lat' dir='ltr'>liberere,</span> <span class='ocrx_word' id='word_1_157' title='bbox 1407 3302 1470 3369; x_wconf 89' lang='lat' dir='ltr'>iarn</span> <span class='ocrx_word' id='word_1_158' title='bbox 1486 3300 1576 3372; x_wconf 86' lang='lat' dir='ltr'>enim</span> <span class='ocrx_word' id='word_1_159' title='bbox 1670 3322 1684 3329; x_wconf 63' lang='lat'><strong>⁴</strong></span> 
     </span>
     <span class='ocr_line' id='line_1_21' title="bbox 282 3388 1577 3499; baseline 0.001 -29"><span class='ocrx_word' id='word_1_160' title='bbox 282 3420 457 3470; x_wconf 78' lang='lat' dir='ltr'>autumnus</span> <span class='ocrx_word' id='word_1_161' title='bbox 482 3390 682 3467; x_wconf 89' lang='lat' dir='ltr'>senescebat:</span> <span class='ocrx_word' id='word_1_162' title='bbox 717 3388 835 3464; x_wconf 88' lang='lat' dir='ltr'>deinde</span> <span class='ocrx_word' id='word_1_163' title='bbox 866 3395 1098 3491; x_wconf 79' lang='lat' dir='ltr'>imperatorem</span> <span class='ocrx_word' id='word_1_164' title='bbox 1124 3398 1278 3468; x_wconf 88' lang='lat' dir='ltr'>iuuenem</span> <span class='ocrx_word' id='word_1_165' title='bbox 1303 3400 1346 3471; x_wconf 91' lang='lat' dir='ltr'>ibi</span> <span class='ocrx_word' id='word_1_166' title='bbox 1372 3398 1577 3499; x_wconf 85' lang='lat' dir='ltr'>relinquere,</span> 
     </span>
     <span class='ocr_line' id='line_1_22' title="bbox 282 3492 1575 3601; baseline -0.002 -26"><span class='ocrx_word' id='word_1_167' title='bbox 282 3496 346 3599; x_wconf 86' lang='lat' dir='ltr'>ipsc</span> <span class='ocrx_word' id='word_1_168' title='bbox 370 3502 568 3594; x_wconf 84' lang='lat' dir='ltr'>Byzantium</span> <span class='ocrx_word' id='word_1_169' title='bbox 596 3494 725 3577; x_wconf 84' lang='lat' dir='ltr'>redire,</span> <span class='ocrx_word' id='word_1_170' title='bbox 750 3516 782 3567; x_wconf 88' lang='lat' dir='ltr'>et</span> <span class='ocrx_word' id='word_1_171' title='bbox 805 3519 864 3591; x_wconf 90' lang='lat' dir='ltr'>per</span> <span class='ocrx_word' id='word_1_172' title='bbox 886 3498 1032 3571; x_wconf 87' lang='lat' dir='ltr'>hiemem</span> <span class='ocrx_word' id='word_1_173' title='bbox 1058 3492 1276 3583; x_wconf 81' lang='lat' dir='ltr'>seiustruerc,</span> <span class='ocrx_word' id='word_1_174' title='bbox 1302 3525 1486 3601; x_wconf 87' lang='lat' dir='ltr'>atquecmn</span> <span class='ocrx_word' id='word_1_175' title='bbox 1508 3527 1575 3573; x_wconf 88' lang='lat' dir='ltr'>ma·</span> 
     </span>
     <span class='ocr_line' id='line_1_23' title="bbox 282 3597 1680 3715; baseline 0.001 -41"><span class='ocrx_word' id='word_1_176' title='bbox 282 3606 348 3675; x_wconf 91' lang='lat' dir='ltr'>iore</span> <span class='ocrx_word' id='word_1_177' title='bbox 373 3628 414 3673; x_wconf 90' lang='lat' dir='ltr'>ac</span> <span class='ocrx_word' id='word_1_178' title='bbox 440 3598 640 3672; x_wconf 86' lang='lat' dir='ltr'>diuturniore</span> <span class='ocrx_word' id='word_1_179' title='bbox 665 3616 819 3693; x_wconf 87' lang='lat' dir='ltr'>appaatu</span> <span class='ocrx_word' id='word_1_180' title='bbox 844 3602 984 3670; x_wconf 85' lang='lat' dir='ltr'>reuerti:</span> <span class='ocrx_word' id='word_1_181' title='bbox 1017 3597 1108 3699; x_wconf 89' lang='lat' dir='ltr'>quod</span> <span class='ocrx_word' id='word_1_182' title='bbox 1139 3598 1303 3715; x_wconf 78' lang='lat' dir='ltr'>Augustae</span> <span class='ocrx_word' id='word_1_183' title='bbox 1337 3608 1452 3677; x_wconf 82' lang='lat' dir='ltr'>Annae</span> <span class='ocrx_word' id='word_1_184' title='bbox 1482 3602 1573 3677; x_wconf 90' lang='lat' dir='ltr'>nullo</span> <span class='ocrx_word' id='word_1_185' title='bbox 1601 3611 1680 3697; x_wconf 62' lang='lat'>,1798</span> 
     </span>
     <span class='ocr_line' id='line_1_24' title="bbox 281 3696 1743 3799; baseline 0.001 -23"><span class='ocrx_word' id='word_1_186' title='bbox 281 3700 383 3777; x_wconf 90' lang='lat' dir='ltr'>modo</span> <span class='ocrx_word' id='word_1_187' title='bbox 411 3702 611 3799; x_wconf 84' lang='lat' dir='ltr'>probabatur.</span> <span class='ocrx_word' id='word_1_188' title='bbox 664 3700 759 3796; x_wconf 81' lang='lat' dir='ltr'>[Qut</span> <span class='ocrx_word' id='word_1_189' title='bbox 786 3698 875 3770; x_wconf 91' lang='lat' dir='ltr'>bono</span> <span class='ocrx_word' id='word_1_190' title='bbox 908 3704 1019 3773; x_wconf 91' lang='lat' dir='ltr'>animo</span> <span class='ocrx_word' id='word_1_191' title='bbox 1051 3696 1114 3773; x_wconf 84' lang='lat' dir='ltr'>elle</span> <span class='ocrx_word' id='word_1_192' title='bbox 1146 3704 1248 3785; x_wconf 86' lang='lat' dir='ltr'>inlla,</span> <span class='ocrx_word' id='word_1_193' title='bbox 1280 3706 1370 3791; x_wconf 88' lang='lat' dir='ltr'>ait,]</span> <span class='ocrx_word' id='word_1_194' title='bbox 1403 3700 1459 3788; x_wconf 90' lang='lat' dir='ltr'>se,</span> <span class='ocrx_word' id='word_1_195' title='bbox 1493 3732 1572 3778; x_wconf 92' lang='lat' dir='ltr'>cum</span> <span class='ocrx_word' id='word_1_196' title='bbox 1733 3696 1743 3725; x_wconf 36' lang='lat' dir='ltr'>l</span> 
     </span>
     <span class='ocr_line' id='line_1_25' title="bbox 279 3793 1573 3906; baseline 0.002 -29"><span class='ocrx_word' id='word_1_197' title='bbox 279 3807 321 3877; x_wconf 87' lang='lat' dir='ltr'>ibi</span> <span class='ocrx_word' id='word_1_198' title='bbox 345 3801 469 3885; x_wconf 82' lang='lat' dir='ltr'>suerit,</span> <span class='ocrx_word' id='word_1_199' title='bbox 494 3798 654 3900; x_wconf 76' lang='lat' dir='ltr'>expulsis,</span> <span class='ocrx_word' id='word_1_200' title='bbox 683 3802 738 3898; x_wconf 91' lang='lat' dir='ltr'>qui</span> <span class='ocrx_word' id='word_1_201' title='bbox 765 3799 876 3871; x_wconf 88' lang='lat' dir='ltr'>vrbem</span> <span class='ocrx_word' id='word_1_202' title='bbox 902 3793 1060 3875; x_wconf 81' lang='lat' dir='ltr'>Triballis&#39;</span> <span class='ocrx_word' id='word_1_203' title='bbox 1077 3799 1217 3900; x_wconf 88' lang='lat' dir='ltr'>prodere</span> <span class='ocrx_word' id='word_1_204' title='bbox 1234 3800 1446 3901; x_wconf 77' lang='lat' dir='ltr'>cogitassent,</span> <span class='ocrx_word' id='word_1_205' title='bbox 1471 3810 1573 3906; x_wconf 88' lang='lat' dir='ltr'>impe·</span> 
     </span>
     <span class='ocr_line' id='line_1_26' title="bbox 279 3898 1580 4005; baseline 0.002 -27"><span class='ocrx_word' id='word_1_206' title='bbox 279 3929 422 3979; x_wconf 77' lang='lat' dir='ltr'>tutorem</span> <span class='ocrx_word' id='word_1_207' title='bbox 450 3910 601 3975; x_wconf 88' lang='lat' dir='ltr'>imrenem</span> <span class='ocrx_word' id='word_1_208' title='bbox 627 3898 747 3973; x_wconf 89' lang='lat' dir='ltr'>ibidem</span> <span class='ocrx_word' id='word_1_209' title='bbox 773 3926 832 3997; x_wconf 89' lang='lat' dir='ltr'>per</span> <span class='ocrx_word' id='word_1_210' title='bbox 857 3904 1002 3976; x_wconf 88' lang='lat' dir='ltr'>hiemem</span> <span class='ocrx_word' id='word_1_211' title='bbox 1028 3930 1063 3975; x_wconf 90' lang='lat' dir='ltr'>re</span> <span class='ocrx_word' id='word_1_212' title='bbox 1075 3907 1233 3987; x_wconf 78' lang='lat' dir='ltr'>iciurnm,</span> <span class='ocrx_word' id='word_1_213' title='bbox 1260 3910 1313 4005; x_wconf 87' lang='lat' dir='ltr'>qui</span> <span class='ocrx_word' id='word_1_214' title='bbox 1340 3904 1580 4005; x_wconf 74' lang='lat' dir='ltr'>proditoribus,</span> 
     </span>
     <span class='ocr_line' id='line_1_27' title="bbox 276 3998 1573 4107; baseline -0.002 -25"><span class='ocrx_word' id='word_1_215' title='bbox 276 4006 302 4082; x_wconf 85' lang='lat' dir='ltr'>st</span> <span class='ocrx_word' id='word_1_216' title='bbox 325 4015 380 4107; x_wconf 90' lang='lat' dir='ltr'>qui</span> <span class='ocrx_word' id='word_1_217' title='bbox 410 4000 647 4103; x_wconf 78' lang='lat' dir='ltr'>superfuerint,</span> <span class='ocrx_word' id='word_1_218' title='bbox 682 3998 817 4074; x_wconf 80' lang='lat' dir='ltr'>oblillat</span> <span class='ocrx_word' id='word_1_219' title='bbox 869 4007 951 4077; x_wconf 91' lang='lat' dir='ltr'>Non</span> <span class='ocrx_word' id='word_1_220' title='bbox 975 4010 1065 4080; x_wconf 91' lang='lat' dir='ltr'>euim</span> <span class='ocrx_word' id='word_1_221' title='bbox 1088 4009 1198 4105; x_wconf 81' lang='lat' dir='ltr'>vtique</span> <span class='ocrx_word' id='word_1_222' title='bbox 1225 4032 1266 4077; x_wconf 88' lang='lat' dir='ltr'>co</span> <span class='ocrx_word' id='word_1_223' title='bbox 1293 4002 1455 4105; x_wconf 85' lang='lat' dir='ltr'>praesente</span> <span class='ocrx_word' id='word_1_224' title='bbox 1482 4036 1573 4081; x_wconf 86' lang='lat' dir='ltr'>com·</span> 
     </span>
     <span class='ocr_line' id='line_1_28' title="bbox 278 4098 1571 4200; baseline -0.002 -17"><span class='ocrx_word' id='word_1_225' title='bbox 278 4114 369 4183; x_wconf 87' lang='lat' dir='ltr'>numi</span> <span class='ocrx_word' id='word_1_226' title='bbox 398 4101 575 4189; x_wconf 83' lang='lat' dir='ltr'>sententia,</span> <span class='ocrx_word' id='word_1_227' title='bbox 602 4122 637 4178; x_wconf 78' lang='lat' dir='ltr'>vt</span> <span class='ocrx_word' id='word_1_228' title='bbox 660 4103 712 4177; x_wconf 88' lang='lat' dir='ltr'>vel</span> <span class='ocrx_word' id='word_1_229' title='bbox 738 4098 939 4179; x_wconf 77' lang='lat' dir='ltr'>scelestiffimi</span> <span class='ocrx_word' id='word_1_230' title='bbox 962 4103 1046 4190; x_wconf 81' lang='lat' dir='ltr'>sm,</span> <span class='ocrx_word' id='word_1_231' title='bbox 1079 4102 1184 4200; x_wconf 88' lang='lat' dir='ltr'>ipsum</span> <span class='ocrx_word' id='word_1_232' title='bbox 1210 4134 1286 4179; x_wconf 90' lang='lat' dir='ltr'>cum</span> <span class='ocrx_word' id='word_1_233' title='bbox 1315 4112 1440 4181; x_wconf 86' lang='lat' dir='ltr'>ciuitate</span> <span class='ocrx_word' id='word_1_234' title='bbox 1473 4108 1571 4181; x_wconf 84' lang='lat' dir='ltr'>holli-</span> 
     </span>
     <span class='ocr_line' id='line_1_29' title="bbox 278 4201 1574 4308; baseline -0.001 -24"><span class='ocrx_word' id='word_1_235' title='bbox 278 4211 334 4285; x_wconf 88' lang='lat' dir='ltr'>bus</span> <span class='ocrx_word' id='word_1_236' title='bbox 365 4201 550 4283; x_wconf 76' lang='lat' dir='ltr'>tradituror.</span> <span class='ocrx_word' id='word_1_237' title='bbox 602 4212 690 4279; x_wconf 90' lang='lat' dir='ltr'>Vere</span> <span class='ocrx_word' id='word_1_238' title='bbox 724 4208 876 4296; x_wconf 87' lang='lat' dir='ltr'>ineunte,</span> <span class='ocrx_word' id='word_1_239' title='bbox 909 4208 962 4279; x_wconf 89' lang='lat' dir='ltr'>vbi</span> <span class='ocrx_word' id='word_1_240' title='bbox 994 4204 1117 4304; x_wconf 87' lang='lat' dir='ltr'>etipse</span> <span class='ocrx_word' id='word_1_241' title='bbox 1151 4234 1227 4279; x_wconf 89' lang='lat' dir='ltr'>cum</span> <span class='ocrx_word' id='word_1_242' title='bbox 1263 4213 1387 4280; x_wconf 88' lang='lat' dir='ltr'>maiore</span> <span class='ocrx_word' id='word_1_243' title='bbox 1419 4230 1574 4308; x_wconf 88' lang='lat' dir='ltr'>apparatu</span> 
     </span>
     <span class='ocr_line' id='line_1_30' title="bbox 274 4304 1571 4393; baseline -0.003 -7"><span class='ocrx_word' id='word_1_244' title='bbox 274 4311 467 4392; x_wconf 81' lang='lat' dir='ltr'>edocuerit,</span> <span class='ocrx_word' id='word_1_245' title='bbox 492 4329 564 4383; x_wconf 87' lang='lat' dir='ltr'>tum</span> <span class='ocrx_word' id='word_1_246' title='bbox 591 4312 656 4379; x_wconf 89' lang='lat' dir='ltr'>iam</span> <span class='ocrx_word' id='word_1_247' title='bbox 668 4310 745 4379; x_wconf 87' lang='lat' dir='ltr'>Deo</span> <span class='ocrx_word' id='word_1_248' title='bbox 770 4304 940 4381; x_wconf 84' lang='lat' dir='ltr'>adiuuante</span> <span class='ocrx_word' id='word_1_249' title='bbox 966 4335 1036 4381; x_wconf 90' lang='lat' dir='ltr'>non</span> <span class='ocrx_word' id='word_1_250' title='bbox 1063 4306 1105 4380; x_wconf 93' lang='lat' dir='ltr'>de</span> <span class='ocrx_word' id='word_1_251' title='bbox 1119 4304 1350 4381; x_wconf 80' lang='lat' dir='ltr'>Thessalonica</span> <span class='ocrx_word' id='word_1_252' title='bbox 1365 4306 1488 4393; x_wconf 91' lang='lat' dir='ltr'>solum,</span> <span class='ocrx_word' id='word_1_253' title='bbox 1515 4306 1571 4383; x_wconf 90' lang='lat' dir='ltr'>sed</span> 
     </span>
     <span class='ocr_line' id='line_1_31' title="bbox 279 4406 1571 4511; baseline -0.001 -24"><span class='ocrx_word' id='word_1_254' title='bbox 279 4412 378 4487; x_wconf 90' lang='lat' dir='ltr'>etde</span> <span class='ocrx_word' id='word_1_255' title='bbox 403 4410 525 4509; x_wconf 87' lang='lat' dir='ltr'>reliqna</span> <span class='ocrx_word' id='word_1_256' title='bbox 549 4406 771 4496; x_wconf 73' lang='lat' dir='ltr'>Macedonia,</span> <span class='ocrx_word' id='word_1_257' title='bbox 797 4407 960 4481; x_wconf 79' lang='lat' dir='ltr'>Thessalia</span> <span class='ocrx_word' id='word_1_258' title='bbox 986 4431 1019 4483; x_wconf 89' lang='lat' dir='ltr'>et</span> <span class='ocrx_word' id='word_1_259' title='bbox 1047 4414 1224 4481; x_wconf 81' lang='lat' dir='ltr'>Acarnania</span> <span class='ocrx_word' id='word_1_260' title='bbox 1249 4415 1367 4511; x_wconf 82' lang='lat' dir='ltr'>(quar,</span> <span class='ocrx_word' id='word_1_261' title='bbox 1401 4408 1480 4484; x_wconf 90' lang='lat' dir='ltr'>dum</span> <span class='ocrx_word' id='word_1_262' title='bbox 1506 4410 1571 4486; x_wconf 82' lang='lat' dir='ltr'>bel·</span> 
     </span>
     <span class='ocr_line' id='line_1_32' title="bbox 278 4506 1471 4618; baseline -0.005 -27"><span class='ocrx_word' id='word_1_263' title='bbox 278 4514 347 4593; x_wconf 86' lang='lat' dir='ltr'>lum</span> <span class='ocrx_word' id='word_1_264' title='bbox 370 4533 564 4618; x_wconf 84' lang='lat' dir='ltr'>gerercmr,</span> <span class='ocrx_word' id='word_1_265' title='bbox 590 4508 728 4585; x_wconf 75' lang='lat' dir='ltr'>Triballi</span> <span class='ocrx_word' id='word_1_266' title='bbox 753 4515 963 4610; x_wconf 87' lang='lat' dir='ltr'>occuparint)</span> <span class='ocrx_word' id='word_1_267' title='bbox 987 4506 1029 4585; x_wconf 88' lang='lat' dir='ltr'>ad</span> <span class='ocrx_word' id='word_1_268' title='bbox 1054 4536 1110 4585; x_wconf 80' lang='lat' dir='ltr'>eor</span> <span class='ocrx_word' id='word_1_269' title='bbox 1134 4512 1230 4587; x_wconf 86' lang='lat' dir='ltr'>verba</span> <span class='ocrx_word' id='word_1_270' title='bbox 1253 4507 1471 4587; x_wconf 72' lang='lat' dir='ltr'>sessurum.-</span> 
     </span>
    </p>
   </div>
   <div class='ocr_carea' id='block_1_8' title="bbox 276 4706 1703 5349">
    <p class='ocr_par' dir='ltr' id='par_1_8' title="bbox 276 4706 1703 5349">
     <span class='ocr_line' id='line_1_33' title="bbox 864 4706 982 4808; baseline 0.017 -24"><span class='ocrx_word' id='word_1_271' title='bbox 864 4706 895 4808; x_wconf 85' lang='lat'>§.</span> <span class='ocrx_word' id='word_1_272' title='bbox 921 4730 982 4807; x_wconf 80' lang='lat'>215.</span> 
     </span>
     <span class='ocr_line' id='line_1_34' title="bbox 378 4831 1573 4939; baseline 0.007 -31"><span class='ocrx_word' id='word_1_273' title='bbox 378 4838 565 4937; x_wconf 75' lang='lat' dir='ltr'>imperator</span> <span class='ocrx_word' id='word_1_274' title='bbox 588 4850 624 4907; x_wconf 84' lang='lat' dir='ltr'>vt</span> <span class='ocrx_word' id='word_1_275' title='bbox 643 4831 782 4909; x_wconf 79' lang='lat' dir='ltr'>Persicas</span> <span class='ocrx_word' id='word_1_276' title='bbox 807 4842 917 4935; x_wconf 86' lang='lat' dir='ltr'>copias</span> <span class='ocrx_word' id='word_1_277' title='bbox 944 4836 985 4911; x_wconf 93' lang='lat' dir='ltr'>ad</span> <span class='ocrx_word' id='word_1_278' title='bbox 1010 4834 1262 4939; x_wconf 78' lang='lat' dir='ltr'>Hellespontum</span> <span class='ocrx_word' id='word_1_279' title='bbox 1288 4840 1500 4914; x_wconf 82' lang='lat' dir='ltr'>trannnittere</span> <span class='ocrx_word' id='word_1_280' title='bbox 1524 4844 1573 4916; x_wconf 88' lang='lat' dir='ltr'>in·</span> 
     </span>
     <span class='ocr_line' id='line_1_35' title="bbox 278 4932 1703 5041; baseline 0.007 -33"><span class='ocrx_word' id='word_1_281' title='bbox 278 4932 425 5019; x_wconf 80' lang='lat' dir='ltr'>tellexit,</span> <span class='ocrx_word' id='word_1_282' title='bbox 451 4940 563 5036; x_wconf 77' lang='lat' dir='ltr'>paratis</span> <span class='ocrx_word' id='word_1_283' title='bbox 591 4938 655 5007; x_wconf 87' lang='lat' dir='ltr'>iarn</span> <span class='ocrx_word' id='word_1_284' title='bbox 681 4941 860 5011; x_wconf 84' lang='lat' dir='ltr'>triremibus</span> <span class='ocrx_word' id='word_1_285' title='bbox 887 4940 1030 5013; x_wconf 88' lang='lat' dir='ltr'>celeriter</span> <span class='ocrx_word' id='word_1_286' title='bbox 1056 4936 1173 5026; x_wconf 90' lang='lat' dir='ltr'>soluit,</span> <span class='ocrx_word' id='word_1_287' title='bbox 1206 4946 1435 5041; x_wconf 89' lang='lat' dir='ltr'>imperatorem</span> <span class='ocrx_word' id='word_1_288' title='bbox 1469 4948 1573 5017; x_wconf 84' lang='lat' dir='ltr'>iunio·</span> <span class='ocrx_word' id='word_1_289' title='bbox 1696 4979 1703 4987; x_wconf 91' lang='lat'><em>·</em></span> 
     </span>
     <span class='ocr_line' id='line_1_36' title="bbox 276 5034 1574 5144; baseline -0.002 -24"><span class='ocrx_word' id='word_1_290' title='bbox 276 5064 350 5120; x_wconf 75' lang='lat' dir='ltr'>rem</span> <span class='ocrx_word' id='word_1_291' title='bbox 377 5034 490 5113; x_wconf 87' lang='lat' dir='ltr'>secum</span> <span class='ocrx_word' id='word_1_292' title='bbox 515 5036 645 5111; x_wconf 85' lang='lat' dir='ltr'>ducens.</span> <span class='ocrx_word' id='word_1_293' title='bbox 697 5042 850 5141; x_wconf 84' lang='lat' dir='ltr'>Cumque</span> <span class='ocrx_word' id='word_1_294' title='bbox 875 5042 908 5112; x_wconf 89' lang='lat' dir='ltr'>in</span> <span class='ocrx_word' id='word_1_295' title='bbox 936 5038 1150 5144; x_wconf 83' lang='lat' dir='ltr'>Hellesponto</span> <span class='ocrx_word' id='word_1_296' title='bbox 1175 5039 1275 5129; x_wconf 82' lang='lat' dir='ltr'>effet,</span> <span class='ocrx_word' id='word_1_297' title='bbox 1307 5072 1349 5119; x_wconf 91' lang='lat' dir='ltr'>eo</span> <span class='ocrx_word' id='word_1_298' title='bbox 1381 5046 1417 5116; x_wconf 90' lang='lat' dir='ltr'>in</span> <span class='ocrx_word' id='word_1_299' title='bbox 1440 5048 1574 5118; x_wconf 76' lang='lat' dir='ltr'>tratribur</span> 
     </span>
     <span class='ocr_line' id='line_1_37' title="bbox 832 5160 1573 5261; baseline 0.008 -28"><span class='ocrx_word' id='word_1_300' title='bbox 832 5160 907 5261; x_wconf 84' lang='lat' dir='ltr'>Pp</span> <span class='ocrx_word' id='word_1_301' title='bbox 957 5184 979 5234; x_wconf 83' lang='lat' dir='ltr'>a</span> <span class='ocrx_word' id='word_1_302' title='bbox 1499 5161 1573 5251; x_wconf 50' lang='lat' dir='ltr'>reli,</span> 
     </span>
     <span class='ocr_line' id='line_1_38' title="bbox 317 5256 1560 5349; baseline 0.004 -28"><span class='ocrx_word' id='word_1_303' title='bbox 317 5266 383 5339; x_wconf 73' lang='grc' dir='ltr'>ηε.</span> <span class='ocrx_word' id='word_1_304' title='bbox 408 5256 451 5322; x_wconf 82' lang='lat' dir='ltr'>ld</span> <span class='ocrx_word' id='word_1_305' title='bbox 471 5257 545 5321; x_wconf 83' lang='lat' dir='ltr'>ibid.</span> <span class='ocrx_word' id='word_1_306' title='bbox 568 5262 707 5347; x_wconf 23' lang='lat' dir='ltr'>p017660&#39;</span> <span class='ocrx_word' id='word_1_307' title='bbox 1035 5260 1405 5349; x_wconf 68' lang='lat' dir='ltr'>179.1d&#39;,ibid.p.767.</span> <span class='ocrx_word' id='word_1_308' title='bbox 1548 5300 1560 5310; x_wconf 68' lang='lat'>‚</span> 
     </span>
    </p>
   </div>
   <div class='ocr_carea' id='block_1_9' title="bbox 0 0 2326 6992">
    <p class='ocr_par' dir='ltr' id='par_1_9' title="bbox 0 0 2326 6992">
     <span class='ocr_line' id='line_1_39' title="bbox 0 0 2326 6992; baseline 0 9"><span class='ocrx_word' id='word_1_309' title='bbox 0 0 2326 6992; x_wconf 95' lang='lat' dir='ltr'> </span> 
     </span>
    </p>
   </div>
  </div>
 </body>
</html>
