4642 6992
725 1203 766 1270 70
1168 1177 1603 1264 SLAVICORVM.

1200 1416 1203 1423 ¹
1271 1404 1298 1452 a.
1323 1384 1362 1455 C.
1388 1383 1459 1452 601.

725 1509 837 1606 copiae
863 1521 971 1580 autem
995 1505 1034 1578 ab
1059 1531 1100 1578 eo
1127 1531 1329 1606 magnopere
1353 1508 1584 1586 abhorrerent,
1611 1515 1703 1578 ‘tum
1727 1523 1864 1605 propter
1875 1501 2020 1604 praedae

673 1639 678 1650 ·
723 1603 814 1704 spem
841 1615 1016 1708 exiguam,
1043 1629 1115 1681 tum
1141 1630 1276 1706 propter
1298 1634 1459 1710 equorum
1472 1609 1664 1705 paucitatem
1689 1621 1706 1672 d
1714 1606 1747 1687 l,
1775 1608 2018 1680 etbarbaricam

723 1707 856 1782 illorum
882 1708 1034 1784 locorum
1060 1702 1306 1806 frequentiam:
1345 1704 1475 1807 ipseque
1516 1701 1583 1777 dux
1621 1709 1657 1776 in
1697 1709 1899 1804 imperatoris
1933 1703 2021 1780 iussu

725 1815 838 1880 omnia
863 1831 1023 1908 poneret,
1049 1804 1161 1884 seditio
1188 1816 1331 1884 maxima
1357 1829 1468 1882 exorta
1492 1807 1545 1878 est.
1597 1811 1773 1880 Mauricius
1798 1810 1913 1881 crebris
1934 1809 2021 1883 litte·

722 1914 765 1983 ris
791 1913 920 1983 Petrum
948 1931 1071 2013 vrget,
1098 1931 1133 1983 vt
1166 1916 1208 1983 ita
1239 1911 1303 1984 fiat.
1352 1914 1496 1988 Romani
1520 1913 1675 1979 acerrime
1698 1900 1870 1992 recubat,
1895 1915 1943 1982 ira
1968 1914 2021 1981 in·

726 2008 975 2088 flammatilsrmi.
1027 2016 1135 2084 Petrus
1163 2014 1201 2084 ab
1225 2019 1260 2084 iis
1280 2015 1391 2110 viginti
1403 2011 1500 2083 leucis
1514 2005 1647 2092 absens,
1672 2009 1880 2107 indignatur,
1905 2031 2019 2110 atque,

726 2137 845 2190 eonem
870 2108 988 2184 insania
1014 2131 1046 2185 et
1070 2107 1236 2186 insolentia
1267 2117 1432 2194 irritatus,
1465 2113 1596 2182 manere
1630 2136 1707 2182 cnm
1740 2116 1777 2182 iit
1812 2109 2018 2212 dedignatur.

726 2212 880 2312 ‘Aliquot
916 2211 1024 2286 diebus
1049 2211 1138 2310 poll'
1164 2214 1262 2287 castra
1287 2234 1402 2286 mouet
1427 2217 1605 2294 exercitus,
1631 2208 2022 2310 praetereunteaqueAse·

726 2339 782 2387 ma
808 2318 826 2406 (
839 2313 953 2387 callelli
979 2340 1104 2385 nomeu
1130 2315 1201 2408 ell)
1228 2311 1388 2387 Cariscam
1424 2317 1580 2397 veniunt,
1612 2310 1698 2384 vnde
1731 2318 1767 2383 in
1801 2314 2019 2387 barbarorum

728 2411 892 2486 domicilia
917 2419 1067 2512 irrupturi
1095 2437 1206 2505 erant3
1233 2417 1401 2514 paululum
1432 2420 1555 2515 qnippe
1586 2410 1628 2484 de
1661 2409 1784 2486 ferocia
1817 2409 2023 2510 remiserant.

726 2519 787 2588 Per
819 2514 890 2588 illos
921 2521 1029 2616 igitur¹
1052 2512 1117 2588 dies
1152 2545 1250 2589 naues
1275 2524 1408 2615 compin
1435 2537 1539 2588 untur.
1590 2521 1715 2586 Interea
1751 2541 1828 2587 cum
1862 2516 2021 2587 nnbribou

636 2631 640 2644 ‘
726 2620 876 2688 maximis
902 2613 1001 2718 frigus
1028 2620 1154 2718 ingruit.
1206 2617 1285 2692 Tali
1307 2545 1546 2715 impedimento
1560 2616 1689 2688 obiedlo
1703 2615 1848 2688 nolenter
1860 2622 2019 2699 traiicere,

727 2713 769 2790 ad
795 2721 949 2800 Petrum,
975 2717 1072 2790 leucis
1098 2724 1238 2819 viginti,
1262 2739 1297 2794 vt
1321 2717 1449 2792 dietum
1474 2717 1543 2798 est,
1570 2704 1736 2788 distantem
1759 2743 1777 2788 a
1803 2716 1939 2800 castris,
1971 2718 2022 2788 le-

699 2853 701 2857 ·
726 2837 819 2918 gatos
844 2823 975 2891 mittunt
1001 2821 1103 2900 odio,
1129 2847 1148 2891 e
1175 2821 1288 2919 quibus
1313 2823 1409 2893 etiarn
1435 2839 1501 2892 erat
1525 2819 1649 2890 Phocus
1675 2819 1832 2909 tyrannus'
1848 2815 2022 2891 immitissi-

725 2946 808 2992 mnr.
859 2921 1009 2992 Petebant
1035 2939 1164 3002 autem,
1190 2941 1225 2992 vt
1247 2921 1358 2994 liceret
1382 2926 1417 2992 in
1442 2921 1573 2992 hiberna
1600 2916 1738 2990 domum
1765 2915 1878 2992 redire.
1902 2923 2025 2992 Atian-

725 3039 857 3118 perator
881 3047 940 3119 per
964 3019 1160 3092 tabellarium
1186 3026 1317 3094 Petrum
1344 3022 1546 3100 exstimulat,
1573 3038 1627 3102 vt,
1650 3021 1786 3092 traiectis
1798 3024 1924 3118 copiis,
1949 3020 2026 3092 bar·

725 3121 881 3194 berorum
906 3125 1077 3220 regionem
1102 3117 1261 3196 incurset:
1288 3131 1356 3223 quo
1393 3119 1469 3195 inde
1502 3120 1656 3192 alimentis
1688 3125 1724 3190 in
1757 3121 1895 3194 militem
1924 3146 2024 3192 corn·

725 3225 863 3402 paratis,
889 3215 957 3320 ipse
989 3248 1007 3294 e
1041 3241 1204 3319 prytaneo
1238 3250 1405 3302 annonam
1436 3221 1590 3324 praebere
1622 3246 1668 3296 ne
1700 3227 1882 3323 cogeretur.
1931 3219 2022 3298 ‘sed

740 3321 839 3401 rullra
864 3316 997 3399 fuerunt
1021 3327 1170 3402 nuntia’i
1194 3365 1199 3370 ·

861 3527 947 3613 igere
968 3531 1170 3600 moliebatur:
1204 3541 1271 3597 tuac
1294 3525 1463 3596 admodum
1486 3529 1594 3615 copiod
1613 3529 1752 3608 imbres,
1773 3529 1954 3616 felgusque-
1972 3529 2026 3593 in·

865 3636 944 3698 gens
965 3622 1074 3706 castris
1096 3617 1236 3684 inrubuit.
1277 3620 1381 3683 Porro
1402 3617 1586 3683 Petraeum
1606 3611 1745 3704 paffuum
1778 3621 1889 3702 viginti
1919 3617 2023 3681 miliia

865 3721 887 3765 u
914 3705 966 3765 uiu
987 3707 1139 3768 remotior
1165 3725 1289 3767 moram
1316 3703 1439 3783 agebat.
1481 3705 1657 3768 Mauricius
1680 3707 1795 3768 interca
1819 3725 1875 3786 per
1895 3703 2025 3766 litteras

865 3789 961 3852 etiam
975 3791 1102 3874 moleste
1125 3789 1278 3873 iuffltabut
1303 3792 1468 3852 exercitum
1492 3799 1582 3854 trans
1609 3793 1719 3876 istrum
1742 3789 1813 3853 duci
1833 3798 1863 3854 et
1877 3810 1916 3853 ex
1931 3788 2026 3851 Scla-

865 3873 1005 3938 ur‘aorum
1029 3875 1119 3955 agris
1140 3895 1292 3938 annonam
1317 3877 1348 3938 ia
1368 3873 1497 3942 hiemem
1519 3875 1548 3938 ei
1564 3872 1820 3960 subministrare,
1842 3896 1877 3940 ue
1901 3870 1960 3956 ipse
1976 3895 2024 3938 ex

861 3955 980 4040 publico
1002 3970 1204 4024 commeatum
1234 3959 1380 4044 praebere
1409 3971 1623 4042 cogeretur...
1668 3977 1874 4036 crunnum,
1905 3976 2025 4020 zona.

866 4059 956 4108 uns:
982 4047 1138 4106 Mauricius
1151 4047 1301 4121 Petrum,
1325 4047 1379 4132 qui
1399 4049 1565 4111 exereitum
1590 4044 1758 4122 eludebat,
1782 4045 1873 4132 maffia
1894 4047 2025 4121 litteris,

867 4135 934 4194 c'um
959 4129 1074 4194 iuberet
1095 4131 1176 4217 Istro
1199 4131 1325 4196 traiello
1349 4135 1381 4195 iu
1404 4131 1514 4219 lrostim
1545 4133 1656 4197 milites
1685 4134 1716 4194 ia
1745 4131 1878 4196 hibernis
1907 4131 2027 4197 huben

824 4251 829 4261 ·
868 4215 967 4284 (addit
992 4221 1136 4277 Zonaras:
1161 4215 1196 4279 ia
1216 4218 1362 4305 confilium
1387 4217 1428 4282 ab
1448 4217 1588 4282 auaritia
1612 4219 1653 4300 est
1670 4216 1865 4303 profetiam,
1886 4227 1942 4294 ut,
1976 4221 2023 4281 le-

866 4299 1009 4380 gionibus
1026 4299 1064 4385 se
1081 4304 1241 4366 latrocinio
1256 4293 1517 4388 sustentantibus,
1546 4304 1697 4368 militaria
1713 4303 1865 4387 stipendia
1884 4307 2024 4370 lucrare·

867 4395 938 4458 tur)
951 4408 971 4464 :¹
986 4387 1173 4464 multitudo,
1197 4409 1233 4452 eu
1255 4411 1290 4454 re
1313 4393 1460 4470 cognitu,
1477 4387 1657 4475 seditionem
1685 4392 1806 4464 eterit,
1830 4401 1860 4454 et
1878 4388 2023 4455 Phocum

870 4473 1091 4550 centurionem,
1117 4477 1149 4538 iu
1165 4472 1288 4557 scutum
1302 4472 1484 4560 sublatum,
1507 4475 1610 4562 ducem
1632 4479 1783 4541 exercitus
1803 4477 1929 4541 creauit.

710 4587 938 4682 -red'erioribns
959 4624 994 4684 ad
1011 4624 1229 4705 Theophanem
1242 4647 1270 4710 p.
1284 4635 1347 4700 648.
1394 4637 1514 4708 grutem
1528 4628 1708 4712 (Hunnicam
1719 4631 1735 4704 [
1748 4625 1888 4689 Slauieam
1902 4627 2021 4708 potius]

724 4732 769 4797 Ιτο
793 4736 864 4782 των
887 4718 1004 4787 Aurem
1032 4709 1152 4789 ἔθνος,
1180 4724 1233 4785 vbi
1269 4722 1348 4786 male
1397 4711 1505 4776 scilieet
1528 4716 1563 4776 ad
1587 4713 1766 4776 Maeotidem
1792 4711 1958 4796 paludem)
1983 4721 2022 4775 vt

726 4835 861 4884 runruu
888 4849 922 4890 ex
946 4832 1015 4906 Reg,
1041 4831 1188 4911 habetque
1212 4828 1346 4906 pom
1396 4809 1544 4884 tunquam
1554 4799 1861 4883 Romanisfaumtem
1873 4799 2023 4906 dqleat...

647 4903 665 4924 '
723 4927 755 4968 ac
777 4907 882 4990 frullra
907 4915 943 4978 ad
967 4915 1059 4976 variat
1083 4913 1226 4978 ledlioneu
1250 4937 1346 4977 recur-
1447 4889 1498 4982 9)
1526 4876 1581 4963 dl&
1608 4877 1642 4964 ll?
1669 4917 1730 4974 ‘retr
1757 4903 1855 4963 Md?
1889 4913 2024 4974 ΜΨ»

676 5065 679 5070 ⁴
723 4997 771 5059 rit.
816 4998 922 5067 Mittit
948 4997 1112 5084 Clragauus
1131 5001 1346 5070 adAntorum
1397 4973 1452 5064 de
1478 4979 1586 5078 darm
1601 5017 1666 5080 aar
1684 4992 1782 5068 tare
1796 5015 2021 5070 remerare.

1301 5139 1426 5226 ''eima“

1373 5226 1400 5265 τ

1335 5229 1382 5326 Te
1816 5231 2026 5323 canT
