4642 6992
705 1229 712 1238 “
787 1196 997 1302 CAPVT
1046 1222 1152 1307 Μ.
1412 1186 1415 1191 ·
1557 1264 1617 1341 7¹7

810 1374 812 1382 ·
1253 1380 1257 1388 ·
1582 1371 1585 1376 ·
1624 1349 1708 1437 Imp.
1749 1366 1835 1427 nats

847 1448 876 1499 a.
901 1428 941 1502 C.
968 1432 1066 1513 1206..
1627 1453 1759 1509 ovino.

304 1604 310 1613 .
385 1556 444 1630 Ae*
461 1548 550 1637 laeli,
575 1550 626 1627 hir
647 1550 889 1631 aduerlitatibus
910 1554 1027 1645 fraili,
1054 1556 1340 1663 Constantinopoli
1365 1562 1455 1641 ¹velut
1471 1560 1613 1651 mman-

284 1652 342 1731 dra
367 1646 626 1779 condensmurr,
652 1676 686 1731 et
708 1660 801 1779 'rpbus
827 1658 868 1733 ad
893 1659 1098 1738 tolerandam
1110 1660 1317 1739 oblidionem
1328 1664 1505 1745 ueoeffariis
1517 1700 1613 1762 corn·

212 1788 221 1821 '
282 1778 398 1933 {lli
405 1756 601 1961 nillil
621 1757 1076 1940 llililillllt
1092 1769 1374 1971 lit-¹¹¹⁸&
1400 1773 1537 1952 :llil
1550 1777 1611 1951 tl

281 1958 347 2037 fitis
373 1982 646 2075 commorantes,
664 1958 758 2063 saepe
781 1968 816 2036 in
848 1992 964 2065 pugna
993 1971 1090 2043 etiam
1123 1975 1280 2072 proxime
1309 1982 1442 2052 moenia
1475 1976 1610 2055 accello·

278 2082 380 2138 1unt=
402 2085 646 2165 nonnunquam
669 2091 729 2167 per
752 2070 796 2139 D.
821 2070 965 2142 Romani
988 2091 1121 2169 portam
1152 2071 1361 2148 ostentandae
1407 2074 1607 2156 fortimdinis

279 2184 312 2239 et
336 2168 524 2243 comitantis
544 2186 615 2239 turn
641 2162 798 2242 felicitatis
823 2187 933 2272 crgo,
956 2178 1050 2271 pauci
1075 2200 1217 2249 numero
1248 2174 1402 2277 ingredi,
1428 2198 1462 2253 et
1492 2181 1607 2259 ocellis

276 2268 345 2386 iis,
365 2272 421 2368 qui
446 2272 481 2339 in
505 2286 600 2389 porta
625 2290 737 2355 erant,
761 2268 866 2344 statim
891 2270 1034 2359 reuerli,
1059 2302 1138 2350 curn
1162 2281 1258 2351 oanni
1281 2282 1426 2374 exercitu
1460 2276 1605 2361 domum

275 2366 465 2462 redtenrnt,
492 2390 637 2471 captiuos
660 2393 813 2472 tanquam
840 2400 1010 2469 armenta,
1035 2375 1180 2478 pecudes
1203 2398 1236 2453 et
1258 2384 1404 2457 inuenta
1426 2406 1493 2483 pro
1516 2385 1602 2463 mul·

277 2468 414 2546 titudine
437 2468 599 2548 {telarum
624 2468 760 2575 praese
786 2496 928 2577 agentes.

374 2781 460 2861 Inde
482 2788 622 2863 loannes
643 2812 722 2863 cnm
746 2793 897 2866 maximis
924 2810 956 2866 et
979 2786 1156 2867 fortillirnis
1182 2794 1283 2891 copiis
1296 2770 1461 2894 egress'us,
1484 2784 1602 2864 Adria·

266 2888 402 2985 nopolis
428 2908 462 2963 et
484 2886 729 2997 Didymorichi
747 2898 1010 2995 oppugationem
1040 2898 1170 2967 caeteris
1200 2894 1294 2967 rebus
1326 2893 1481 2995 omnibus
1510 2912 1667 3007 ante-226

267 2990 463 3065 vertendam
488 2988 552 3065 ell'e
577 2988 692 3069 duxit:
717 2988 814 3067 lirnul
838 2994 932 3095 quod
961 2996 1024 3070 eae'
1049 2996 1145 3069 urbes
1172 3000 1275 3069 totius
1303 2992 1381 3067 belli
1410 2996 1596 3095 praemium
1666 2986 1683 3007 ’

267 3083 392 3183 allent,
418 3090 514 3167 lirnul
528 3090 631 3193 quod,
658 3120 698 3169 ea
720 3100 850 3169 ratione
874 3100 1035 3172 Romanis
1057 3093 1188 3196 pullis,
1210 3099 1397 3171 Thraciam
1416 3091 1490 3167 solis
1515 3091 1592 3167 feris

266 3192 477 3269 incolendam
503 3190 672 3268 traditurus
697 3192 783 3271 effet.
830 3198 948 3271 Calicis
972 3204 1088 3299 itaqua
1104 3195 1145 3270 ad
1172 3198 1455 3293 Didymoticlrutn
1470 3192 1592 3293 pofitis,

266 3320 344 3367 cum
372 3294 539 3397 oppidum
559 3294 682 3371 videret
705 3302 741 3369 in
763 3297 846 3373 loco
865 3296 957 3373 edito
978 3298 1078 3373 litum
1102 3294 1279 3373 difficulter
1299 3302 1483 3399 expugnari
1491 3292 1600 3396 polle,

265 3392 412 3475 fluuium
433 3400 559 3473 Eurum
572 3449 588 3482 ,
610 3403 666 3499 qui
692 3395 728 3470 id
752 3402 938 3485 ambiebat,
959 3421 993 3475 et
1015 3428 1078 3501 per
1100 3420 1230 3474 meatus
1251 3406 1361 3501 paucis
1387 3404 1594 3499 coguitosci·
1671 3470 1680 3477 ,

262 3498 356 3572 nibus
382 3526 502 3601 aquarn
526 3494 765 3599 suppeditabat,
789 3502 853 3579 alio
881 3502 1040 3576 diuertere
1063 3502 1222 3585 inllituit,
1243 3524 1277 3577 et
1299 3503 1457 3574 machinis
1482 3504 1517 3571 in
1533 3504 1600 3573 cir*-

263 3606 351 3675 cuitu
379 3601 546 3677 collocatis-
568 3629 701 3675 murrun
724 3598 822 3683 ferit,
849 3632 915 3704 qua
937 3626 1032 3704 parte
1057 3599 1242 3678 labefactari
1272 3600 1391 3702 poffe,
1419 3626 1485 3674 nce
1516 3626 1592 3701 gra·

261 3706 357 3778 trium
383 3699 537 3779 laxomrn
558 3701 725 3804 impetum
751 3707 911 3780 interualli
941 3706 1172 3809 magnitudine
1197 3700 1345 3778 ‘lallatum
1376 3707 1414 3775 iri
1445 3704 1591 3802 putabat.

261 3800 431 3905 Oppidani
455 3830 537 3882 vero
560 3826 596 3879 vt
622 3814 782 3879 ioannem
804 3808 991 3907 placarent,
1013 3803 1258 3889 excolationes,
1285 3798 1429 3905 speciosa
1454 3805 1549 3877 verba
1575 3852 1593 3888 ,

260 3926 292 3981 et
317 3902 453 3981 blandas
478 3930 589 3995 preces
611 3912 711 3980 etiam
734 3908 1011 4007 praetendebant:
1032 3930 1067 3981 et
1088 3909 1203 3981 stantes
1229 3912 1265 3978 irr
1296 3904 1549 4007 propugnaculis
1568 3943 1595 3987 „-

259 4036 341 4083 cum
370 4018 437 4109 pro
464 4004 526 4082 liro
555 4035 638 4109 rege
665 4006 890 4095 celebrabant,
925 4031 985 4094 et,
1024 4013 1143 4084 tnbuta
1177 4004 1361 4108 pensuros,
1394 4011 1586 4105 caeteraque
1712 4058 1721 4075 ,

258 4116 400 4193 omna,
420 4104 508 4209 quae
528 4105 740 4211 imperafflat,
760 4110 907 4187 alacriter·
926 4108 1093 4195 fac‘biros,
1118 4138 1220 4212 prom
1229 4112 1377 4192 nebant,
1398 4106 1509 4180 modo
1536 4127 1593 4179 ne'
1645 4133 1647 4136 ·

257 4239 338 4287 eum
363 4212 442 4289 urbe
464 4216 611 4309 recipere
633 4236 840 4313 cogerentum
884 4210 944 4287 llle
965 4240 1044 4287 vero
1070 4220 1123 4285 ira‘
1140 4216 1305 4313 percitus,
1338 4235 1394 4284 eas
1422 4207 1586 4282 conditio·
1692 4216 1697 4221 ’

258 4342 315 4387 nes
342 4308 471 4413 prorlirs
495 4310 719 4411 aspernabatur
729 4366 744 4397 ,,
766 4342 831 4389 nec
852 4313 914 4386 alia
934 4320 1064 4387 ratione
1085 4311 1122 4387 lc
1143 4340 1257 4415 pacem
1283 4308 1449 4387 fac‘lunrrn
1461 4306 1584 4417 afferre:

255 4417 372 4500 rabat,
395 4419 432 4487 ni
456 4414 588 4489 castello
609 4410 670 4486 libi
693 4412 855 4489 cederent.
902 4419 978 4491 Nec
999 4414 1045 4489 de
1067 4420 1317 4516 oppugnatione
1339 4418 1516 4514 quicquam
1532 4424 1594 4483 rei·

255 4514 443 4599 mittendo,
468 4522 529 4602 vi,
550 4520 677 4613 impetu
701 4536 738 4590 et
763 4515 991 4616 magnitudine·
1021 4513 1175 4589 saxorunn
1270 4514 1482 4615 pugnacula,
1513 4532 1583 4583 tur-

255 4625 342 4695 rium
371 4615 511 4717 angulos
531 4614 722 4699 reuellebat,
748 4644 929 4717 eorumque
957 4618 1101 4690 tibicines.
1130 4542 1357 4717 perillilbebat
1410 4611 1581 4712 Oppidani
1691 4610 1696 4619 ’
1740 4685 1742 4696 ,

254 4746 337 4797 sero
365 4720 509 4793 tabulatis.
531 4740 568 4793 et
588 4724 725 4793 cratibus
749 4724 836 4793 intus-
850 4718 998 4802 timuis,
1020 4738 1129 4791 recens
1143 4717 1290 4790 derradlr's
1303 4716 1592 4791 veientanae·
1776 4739 1782 4761 ·

252 4827 305 4897 nia
331 4822 511 4921 tegebant,
526 4840 571 4895 ut
591 4825 816 4896 machi'rrartun
840 4816 918 4893 saxa
939 4824 975 4893 iis
1001 4820 1148 4893 inuoluta
1172 4812 1379 4891 labascererrt..
1425 4822 1480 4913 Δρ
1494 4812 1579 4888 dum
1623 4878 1628 4887 .

253 4932 392 5001 loannes
414 4948 566 5025 pugnam
587 4926 795 5012 remittebat,
815 4920 953 5027 lirpplici
974 4922 1069 5025 gestu
1097 4942 1134 4996 et
1161 4916 1287 4995 blandis
1313 4919 1420 4995 verbis
1446 4910 1580 5093 lilbffi

686 5064 689 5070 ·
1473 5044 1495 5092 o

233 5167 570 5317 -msspm
