4642 6992
475 1260 556 1355 Imp.
570 1272 674 1325 raau-

472 1361 524 1453 ’ΝΕ
553 1347 619 1415 Pal.

694 1162 758 1253 876
859 1130 862 1139 “
1095 1148 1600 1229 evtaunrcouuu

1249 1376 1279 1424 ι
1301 1354 1344 1423 C
1370 1371 1459 1441 1³45·

794 1482 843 1561 im
905 1500 999 1569 ator,
1025 1508 1101 1558 cum
1126 1486 1265 1558 Amuria
1292 1482 1474 1581 etreliqua
1499 1484 1630 1582 agmine
1657 1475 1816 1581 sequens,
1846 1502 1917 1554 non
1950 1443 2007 1555 effe

691 1586 815 1675 vittas,
840 1508 903 1662 iiii
922 1590 973 1662 via
997 1580 1103 1660 solum
1128 1586 1264 1657 barbaris
1289 1580 1407 1660 ceffiffe
1422 1584 1610 1660 'Momitzili
1636 1588 1770 1683 capias,
1802 1583 1886 1657 bene
1928 1580 2008 1653 ordi-

688 1708 777 1763 natas
802 1710 835 1765 et
860 1686 1024 1789 ditposrtas
1051 1684 1333 1761 animaduertebat
1385 1690 1549 1787 Qiocirca
1573 1684 1680 1758 adhuc
1706 1684 1875 1759 conflittus
1900 1682 2010 1763 restare

619 1787 622 1795 ’
688 1786 873 1865 videbatur!
916 1794 1007 1866 Hinc
1036 1794 1207 1866 Romanoa
1245 1808 1277 1860 et
1308 1788 1457 1863 barbaros
1490 1793 1647 1889 tripartito
1686 1785 1824 1860 diuidit:
1863 1784 2014 1859 dextrum

690 1916 796 1963 cornu
821 1897 961 1967 Aminio
987 1918 1063 1965 cum
1089 1887 1189 1966 Persu
1213 1893 1411 1974 committit,
1438 1896 1520 1990 qui,
1547 1888 1639 1988 quod
1661 1882 1810 1989 sagittarii
1835 1882 1960 1975 effent,
1979 1891 2014 1959 in

688 1991 796 2066 hones
822 1994 900 2068 leuis
924 2014 1101 2067 armaturae
1127 2001 1307 2075 irruentes,
1331 1990 1398 2063 telis
1424 2018 1482 2065 eos
1506 1990 1724 2064 conficerent:
1749 1986 1913 2061 finistrum
1927 1992 2014 2059 Ioan-

689 2098 725 2169 ni
752 2088 869 2180 Aseni,
894 2100 1003 2170 uxoris
1028 2092 1139 2179 fratri,
1164 2120 1241 2168 cum
1264 2096 1424 2165 Romanis
1446 2098 1554 2192 grauis
1586 2112 1789 2173 armaturae,
1822 2096 1880 2190 qui
1914 2093 2014 2161 conti

689 2220 836 2293 pugnare
864 2192 1121 2269 consueuerant:
1145 2198 1181 2267 in
1205 2191 1316 2265 medio
1342 2188 1432 2292 ipse,
1457 2190 1589 2267 selectos
1614 2198 1784 2267 Romanoa
1802 2211 1900 2293 atque
1913 2185 2014 2265 uersu

690 2292 836 2381 ducens,
864 2298 1000 2370 curabat
1051 2296 1255 2373 Momitzilus
1279 2292 1421 2370 [imiliter
1447 2316 1561 2371 contra
1595 2293 1715 2368 diretta
1740 2299 1807 2365 acie
1833 2320 1897 2393 pro
1980 2296 2016 2360 ie

567 2466 571 2471 .
691 2397 791 2471 batur.
842 2398 906 2471 Vbi
931 2403 1015 2471 inter
1037 2392 1069 2470 se
1096 2400 1380 2497 propinquanmt,
1408 2404 1558 2499 utrinque
1576 2392 1771 2471 concursum
1795 2394 1877 2467 est'
1918 2387 2016 2465 essiffi-

692 2522 756 2571 me.
810 2497 863 2570 Au
889 2520 1075 2571 extremum
1100 2498 1303 2572 Momitziius
1328 2495 1514 2597 superatus,
1542 2498 1727 2601 complures
1751 2492 1867 2569 amifit.
1921 2498 2017 2567 Curn-

692 2623 757 2697 que
783 2598 824 2669 ad
849 2626 961 2672 muros
987 2602 1070 2674 vrbis
1096 2599 1209 2698 reliqui
1234 2597 1450 2699 pedetentim,
1477 2605 1551 2701 quia
1578 2604 1622 2675 ob
1653 2602 1864 2699 exiguitatem
1897 2589 2019 2694 spatii,

693 2704 778 2771 inter
804 2701 911 2773 hostes
939 2720 971 2772 et
997 2705 1128 2774 moenia
1151 2702 1330 2779 interietii,
1356 2708 1532 2799 equitatum
1557 2722 1749 2776 conuertere
1774 2724 1846 2771 non
1859 2712 2018 2796 poterant.

695 2819 728 2871 et
753 2796 1017 2875 Peritheorienses
1043 2802 1113 2875 ilios
1138 2806 1300 2901 accepturi
1325 2827 1396 2874 nan
1421 2799 1706 2901 exspetiabautur,
1730 2804 1858 2897 primus
1897 2800 2019 2873 Mami·

697 2898 811 2985 tzilus,
838 2900 956 2974 deinde
979 2902 1093 3003 reliqui
1121 2928 1236 2976 omnes
1261 2904 1301 2975 ab
1327 2909 1418 3002 equ‘s
1452 2902 1679 2987 descendunt,
1710 2900 1856 2973 hostibus
1878 2895 1912 2971 se
1937 2900 2020 2970 obie-

576 3062 578 3069 χ
697 3002 817 3086 uani,
843 3001 1062 3107 dimicantque
1088 3004 1252 3080 alacriter,
1279 3024 1311 3076 et
1334 3002 1481 3078 resrstmt
1522 3004 1736 3081 validiffime:
1770 3008 1893 3102 partim
1933 2993 2020 3097 quod

695 3102 779 3175 vrbis
805 3107 946 3179 vicinitas
971 3133 1027 3179 eus
1055 3105 1247 3179 circumdari
1272 3125 1305 3177 et
1338 3111 1375 3176 iu
1411 3104 1560 3180 medium
1591 3102 1743 3191 concludi
1767 3130 1840 3175 uon
1866 3099 2019 3189 fluebat,

694 3200 878 3303 caduntque
905 3207 997 3281 multi
1021 3204 1213 3279 admodum.
1263 3204 1429 3292 Quamdiu
1455 3214 1551 3308 igitur
1578 3208 1646 3282 dux
1672 3204 1854 3305 supererat,
1881 3200 1943 3304 ipsi
1973 3226 2023 3273 ne·

698 3330 762 3405 que
789 3302 830 3377 de
855 3304 972 3381 ardore
997 3306 1167 3408 pugnandi
1191 3310 1417 3393 remittebant,
1441 3338 1549 3409 neque
1573 3337 1663 3383 arma
1692 3306 1869 3381 tradebant
1923 3298 2022 3375 Simul

697 3424 806 3479 autem
833 3412 859 3479 is
885 3408 1049 3487 concidit,
1073 3409 1211 3509 reiiqui‚
1235 3415 1396 3482 continuo
1422 3409 1533 3484 deditis
1559 3417 1678 3501 armis,
1702 3412 1939 3483 Romanorum
1957 3410 2024 3476 Per·

582 3518 585 3523 ’
698 3497 868 3607 farumque
896 3518 1013 3610 captiui
1038 3510 1144 3604 fiunt,
1173 3540 1249 3585 cum
1277 3508 1421 3610 effugere
1451 3513 1556 3587 nulius
1585 3506 1768 3615 potuiffet:
1803 3506 1964 3609 quodque
1991 3510 2024 3577 in

696 3614 825 3709 ntegnis
849 3606 1032 3689 infortuniis
1057 3615 1233 3714 prouerbio
1259 3616 1422 3697 tatiana,
1470 3641 1578 3717 neque
1616 3606 1734 3717 ignifer
1765 3606 1934 3728 euaseritq
1959 3609 2024 3779 ¹ijoc

1922 3734 2026 3811 apum

839 3922 945 4001 tibus,
968 3921 1144 3987 Momitiias
1177 3938 1243 3983 rum
1281 3920 1366 3983 omui
1396 3920 1455 4004 sua
1492 3919 1627 3989 exercitu
1660 3918 1868 3987 includeretur.
1911 3916 2027 3983 Statim

730 4040 734 4049 ·
843 4030 916 4075 aera
949 4018 1041 4094 atque
1065 4009 1211 4071 tubarum
1235 4016 1265 4069 et
1289 4017 1503 4090 tympanorum
1520 4006 1597 4090 sarra
1622 4010 1712 4095 mista
1738 4007 1778 4093 esi
1800 4008 1852 4069 itta
1883 4001 2028 4068 tartaris

843 4091 1011 4178 Persarum
1035 4093 1175 4157 maribus
1188 4091 1371 4175 familiaris
1394 4097 1424 4157 iu
1455 4093 1527 4157 tetro
1557 4094 1736 4176 uociferatio
1757 4140 1766 4174 ,
1790 4092 1949 4175 plurimus
1970 4108 2028 4171 per

837 4202 955 4247 amnem
980 4182 1062 4243 illum
1085 4184 1183 4243 lacum
1214 4185 1362 4241 tumultur
1394 4181 1530 4264 exstitit,
1560 4189 1591 4243 et
1613 4182 1828 4261 Mantiniam,
1863 4190 2025 4265 antequam

833 4276 983 4333 irritatum
1011 4261 1078 4348 efflt
1098 4266 1271 4345 praelium,
1291 4265 1326 4328 de
1358 4263 1523 4349 improuisa
1560 4268 1749 4332 vehementer
1775 4267 1935 4348 percutit,
1962 4265 2028 4325 ani-

839 4372 980 4436 mumque
1003 4351 1086 4412 illum
1109 4352 1221 4413 elatum
1245 4359 1275 4413 et
1298 4348 1470 4432 iasateutem
1488 4352 1595 4434 fregit.
1637 4354 1742 4438 Atque
1765 4362 1799 4415 at
1828 4372 1882 4416 aas
1911 4345 2025 4429 casus,

716 4488 720 4497 .
841 4442 893 4525 qui
917 4436 1009 4500 medii
1032 4436 1256 4521 iuterrefflre‚,2
1266 4447 1296 4500 et
1325 4442 1431 4502 celeres
1462 4441 1646 4504 altemaatis
1674 4458 1797 4522 pugnae
1830 4436 2028 4522 cenaerssaaes

841 4528 1045 4597 omittamus,
1065 4528 1199 4608 plerique
1222 4520 1386 4595 Persarum
1412 4546 1480 4589 eum
1506 4523 1546 4588 ab
1571 4530 1654 4610 equis
1680 4522 1873 4613 deſsluiſjeat,
1904 4526 2029 4586 rumm-

719 4662 724 4669 .
758 4660 759 4668 ,
833 4613 944 4695 stetere
969 4610 1000 4671 iu
1025 4609 1127 4675 aedem
1155 4609 1281 4693 uniuerfl
1299 4630 1372 4673 eum
1397 4609 1536 4675 arcubus.
1562 4613 1609 4676 Hi
1632 4622 1705 4679 vetti
1725 4616 1757 4676 ia
1783 4608 2027 4694 medioaestuaa-

841 4706 910 4773 ter,
932 4709 1079 4778 tauquam
1104 4697 1175 4778 apri
1198 4697 1295 4778 aliqui
1310 4696 1454 4778 seruam,
1475 4718 1669 4781 perrumpere
1699 4711 1729 4763 et
1760 4694 1893 4782 effugere
1921 4689 2029 4776 Persa-

840 4804 912 4848 rum
933 4779 1119 4866 plrataageur
1145 4781 1229 4846 haud
1246 4791 1400 4862 poteraut.
1444 4784 1605 4869 Instabam
1626 4786 1705 4851 mim
1736 4784 1874 4847 eaatiaua
1897 4782 2028 4863 impera-

841 4872 921 4933 turis
944 4869 1078 4949 equites,
1102 4870 1193 4932 mario
1219 4886 1239 4927 a
1255 4865 1364 4949 fraute
1395 4882 1615 4949 accurrentes,
1644 4870 1736 4933 moda
1769 4868 1862 4953 drusus
1893 4886 1915 4930 a
1944 4876 2028 4945 terga

841 4952 938 5029 hallis
962 4952 1150 5033 impellentes.
1196 4951 1261 5017 Vbi
1287 4974 1405 5019 amnem
1435 4959 1612 5024 Mamitiiae
1641 4959 1810 5042 equitatum
1843 4950 1929 5017 breui
1956 4962 2028 5015 tem·

835 5060 915 5125 pare
939 5041 1103 5102 iuuuurerr's
1127 5039 1276 5117 confixam
1303 5044 1371 5105 telis
1392 5040 1506 5125 Persae
1527 5044 1730 5119 delaturum,-
1748 5040 1907 5127 carqiixere
1927 5034 2030 5103 extrue

837 5128 954 5205 aretas
978 5145 1046 5191 cum
1066 5126 1223 5214 peditibus
1234 5172 1246 5207 ,
1257 5126 1382 5216 fluitque
1404 5134 1436 5197 iu
1458 5128 1527 5216 ipsts
1550 5134 1616 5201 iam
1640 5122 1874 5223 manibus-tora
1891 5122 2029 5209 ballistra,
