4642 6992
811 1182 1024 1261 cuth
1050 1180 1161 1263 Xxv.
1199 1287 1204 1295 Ι
1565 1202 1634 1294 8⁶5

1005 1380 1008 1387 1
1638 1296 1841 1387 ,Imp-10³⁸·

863 1420 893 1469 ῃ,
918 1399 957 1471 C·
984 1418 1079 1497 134⁴·
1640 1398 1689 1448 NE
1729 1386 1802 1453 Pas·

300 1528 397 1612 oniae
422 1535 587 1609 venientes
612 1526 815 1630 praefestnm
840 1528 897 1606 fibi
925 1528 991 1605 dari
1022 1531 1202 1633 rogabant(
1237 1531 1447 1617 Dedidetunt
1482 1536 1523 1617 ie-
1552 1567 1632 1619 etam

296 1632 359 1704 iilis
386 1652 418 1705 et
444 1632 493 1706 aiii
518 1629 650 1733 quidam
676 1634 837 1735 agrestes,
863 1630 903 1705 ad
927 1630 1070 1707 eundern
1099 1656 1250 1709 montem
1291 1645 1381 1714 vicos
1419 1640 1489 1717 sene
1526 1648 1629 1717 marie

294 1736 498 1819 habitantes,
524 1740 579 1835 qni
613 1756 748 1835 propter
785 1762 849 1835 pro
875 1730 1044 1808 enfionem
1078 1728 1153 1837 drga
1192 1742 1426 1840 imperatorem
1455 1738 1551 1841 (sub
1585 1772 1629 1820 eo

291 1846 386 1919 enim
411 1859 528 1923 antea,
554 1842 631 1911 viuo
657 1836 765 1933 adhuc
789 1762 984 1913 Andronico
1011 1842 1241 1935 imperatore,
1269 1843 1518 1941 militauerant)
1548 1874 1629 1947 prae

293 1944 427 2015 caeteris
454 1936 495 2013 ad
520 1966 596 2011 euru
622 1960 790 2013 venemnt.
842 1942 905 2013 Cui
932 1958 1086 2029 cogitanti
1112 1938 1192 2039 qurd
1216 1968 1261 2014 ers
1277 1942 1409 2044 ⁴negotii
1425 1954 1625 2048 imponeret,
1721 1980 1725 1985 ·

295 2060 328 2113 et
354 2068 451 2141 quem
477 2040 689 2140 praeficeret,
714 2040 936 2113 Momitziiam
960 2038 1135 2138 praeficere
1156 2042 1298 2139 placuit,
1325 2072 1397 2119 uon
1421 2046 1529 2122 solum
1548 2055 1625 2151 quia

294 2162 431 2245 proptep
451 2147 725 2215 communionem
748 2146 853 2241 gentis
878 2138 1027 2213 rusticani
1051 2140 1096 2212 illi
1123 2168 1202 2216 eum
1226 2144 1407 2246 amplexari
1423 2146 1543 2234 essent,
1567 2146 1627 2224 sed

316 2240 385 2315 uod
412 2250 510 2316 etiam
537 2248 571 2314 in
601 2242 728 2341 proelio
753 2242 879 2315 nulium
908 2238 982 2314 ase
1007 2248 1279 2341 magnanimitatis
1304 2272 1342 2317 ac
1361 2245 1559 2323 fortitudinis
1574 2248 1625 2324 of·

290 2270 405 2520 ipsium
434 2343 602 2420 defiderari
625 2362 809 2445 pateretur,
833 2348 876 2415 ad
912 2340 1146 2445 praedandum*
1170 2343 1428 2452 rapiendumque
1466 2355 1620 2426 exercita·
1697 2371 1703 2381 “

291 2466 315 2519 tr
343 2472 437 2519 rmus

385 2580 466 2649 Erat
491 2576 580 2647 enim
606 2598 725 2673 genere
743 2562 908 2659 Moesus,
935 2587 967 2642 et
990 2590 1126 2671 propter
1139 2600 1212 2659 eas,
1239 2600 1317 2675 quas
1332 2572 1422 2662 dixi,
1448 2596 1529 2650 artes
1547 2604 1625 2678 pro·

287 2676 438 2782 fligatns,
465 2672 507 2747 ad
532 2678 703 2751 Romanoa
727 2669 759 2745 se
783 2672 999 2771 applicuerat.
1026 2700 1169 2773 eumque
1200 2674 1408 2750 Andronicus
1445 2682 1625 2776 imperator

287 2784 322 2851 in
348 2778 457 2851 album
483 2776 624 2851 militum
649 2772 807 2847 retulerat.
861 2774 926 2871 Qi
964 2799 1042 2847 cum
1082 2774 1209 2875 praedis
1240 2776 1378 2878 agundis
1408 2774 1535 2877 semper
1567 2779 1623 2852 de·

283 2879 481 2961 lederetur,
508 2898 540 2952 et
564 2876 731 2961 Moesiae,
758 2894 872 2975 vtpote
897 2872 1052 2949 locorum
1078 2876 1306 2977 permisimus,
1330 2906 1399 2951 non
1438 2906 1555 2979 pamm
1575 2886 1623 2952 in·

283 2978 539 3057 commodaret,
564 2974 657 3077 saepe
682 2978 878 3049 monebatur
903 2976 941 3046 ab
967 2979 1042 3060 his,
1068 2984 1123 3075 qui
1147 2977 1343 3053 Moesorum
1376 2984 1621 3055 Romanomm·

203 3078 205 3085 ¹
309 3110 350 3155 ue
375 3082 491 3155 finibus
518 3079 643 3154 tuendis
671 3098 866 3178 praeerant,
891 3102 934 3147 ne
959 3080 994 3148 in
1016 3074 1155 3153 foedere
1182 3080 1371 3155 huiusmodi
1395 3082 1553 3155 maleficia
1567 3080 1621 3155 de·

284 3110 445 3285 ignaret,
471 3203 503 3256 et
529 3181 650 3255 bellum
675 3186 817 3253 irritaret.
867 3182 1023 3279 Qomm
1050 3184 1184 3254 vocibus
1208 3183 1262 3255 iiie
1294 3210 1366 3256 non
1398 3190 1526 3281 penitus
1562 3210 1619 3257 ex·

314 3288 512 3385 ugnabatur,
538 3280 617 3370 sed,
643 3280 685 3363 ad
710 3296 839 3380 tempus
865 3276 1053 3378 quiescens,
1077 3281 1249 3357 intermissa
1267 3311 1302 3356 re
1326 3286 1437 3358 etebat.
1483 3290 1619 3385 Iamque

284 3312 440 3461 icelerum
466 3380 599 3461 suorum
625 3388 765 3483 pretium
789 3381 933 3463 laturus,
960 3388 1116 3481 quoniam
1145 3405 1178 3457 et
1200 3312 1325 3460 Moesii
1349 3405 1486 3485 propter
1519 3386 1616 3459 latro·

279 3493 370 3559 'cirria
396 3484 512 3563 inuisus
538 3506 626 3568 erat,
652 3506 685 3558 et
710 3488 892 3565 Romanis,
918 3510 996 3557 eum
1024 3486 1521 3583 comprehenderevolentibus,
1535 3514 1617 3560 non
1657 3494 1671 3501 ’“

284 3587 427 3671 fidebat,
454 3594 488 3658 in
512 3586 677 3659 Triballos
702 3581 846 3675 secessu,
873 3584 926 3657 vbi
953 3582 1010 3656 diu
1035 3590 1134 3661 vitam
1160 3593 1235 3685 egit.
1262 3588 1372 3661 Postea
1385 3593 1616 3662 Cantacuzeuo

286 3692 526 3764 Peritheorium
548 3692 714 3760 ‘Betthoea'
741 3684 918 3767 redeunte,
945 3712 1092 3785 nupera
1119 3690 1214 3761 Craie
1241 3716 1317 3761 cum
1343 3685 1540 3772 desciuiss'et,
1573 3670 1652 3761 ad‘

283 3816 365 3867 eum
390 3787 422 3867 se
445 3786 589 3867 contulit.
639 3792 750 3863 Sciens
776 3793 874 3887 igitur
899 3782 989 3859 illum
1015 3792 1092 3862 hnic
1125 3786 1345 3893 pracfeciurae
1376 3790 1557 3866 idoneum,
1584 3809 1619 3863 et

803 3888 1078 3967 Rr'rrra
1508 3884 1616 3965 castei-

424 4096 528 4180 iasque
550 4104 580 4159 et
603 4091 725 4177 infidias
739 4092 881 4176 struens,
903 4094 1092 4175 repentinam
1117 4088 1340 4177 transeuntibus
1361 4096 1490 4157 exitium
1504 4094 1587 4157 attat
1599 4131 1612 4145 ·

420 4191 485 4246 rae.
527 4182 644 4248 Deinde
668 4200 735 4245 eam
760 4174 945 4260 trigefimum
970 4183 1085 4249 aetatis
1108 4200 1221 4244 aarum
1255 4182 1312 4244 vix
1334 4178 1503 4264 attigisset,
1525 4200 1546 4242 a
1567 4178 1614 4252 fe-
1706 4254 1713 4263 Ι

422 4270 491 4333 rino
517 4270 573 4333 iila'
586 4288 672 4332 neore
697 4265 740 4329 ad
762 4264 954 4329 hurnaaiaria
970 4270 1059 4331 uitae
1078 4284 1177 4347 genas
1200 4266 1370 4350 transferre
1387 4264 1422 4349 sa
1432 4264 1618 4341 decreuerat,
1638 4294 1641 4298 ²

422 4362 453 4419 et
475 4351 518 4419 ad
547 4354 675 4417 nabilem
710 4351 858 4437 quendam
890 4352 1064 4417 Romanam
1099 4374 1168 4417 eam
1207 4351 1380 4438 aerefflffer,
1413 4371 1540 4435 operam
1587 4352 1616 4415 ei

419 4438 514 4519 satam
534 4440 579 4505 ad
601 4438 723 4505 seruilia
748 4438 895 4583 mimilier'
940 4441 1101 4504 locauerat.
1144 4440 1233 4503 Idem
1252 4441 1338 4503 breui
1349 4449 1482 4520 tempore
1496 4432 1616 4520 rimasti,

424 4539 456 4593 ei
487 4526 571 4591 iliam
584 4526 765 4612 fermitatem
791 4544 810 4585 a
832 4456 976 4599 aiciiar,
1000 4534 1030 4589 et
1049 4525 1094 4588 ad
1115 4526 1279 4606 pristinam
1312 4524 1518 4589 latrocinandi
1546 4543 1619 4585 eoa-

414 4612 607 4699 suetudinem
629 4618 834 4689 recurrerat,
881 4613 1069 4695 multamque
1100 4610 1204 4695 sitifim
1235 4632 1273 4673 ac
1297 4612 1453 4692 paulatim
1485 4628 1614 4671 mantem

423 4722 490 4765 eam
511 4701 570 4787 sebi
586 4696 778 4787 sociauiffet,
802 4696 899 4759 animi
913 4692 966 4777 sui
992 4694 1156 4759 audaciam
1189 4718 1225 4761 re
1255 4696 1490 4769 deelaraaerat,
1519 4693 1614 4757 moda

425 4784 587 4868 Mysorum
604 4784 722 4870 finibus
752 4788 767 4859 [
779 4774 904 4859 iupus]
938 4782 1034 4867 instar
1054 4780 1201 4864 fulminis
1240 4782 1396 4865 derepente
1433 4779 1613 4857 incidendo,

427 4875 520 4940 mado
547 4872 751 4939 Caeracazem'
773 4872 879 4953 copias
893 4870 1011 4947 fartim
1034 4868 1226 4951 appetenda,
1249 4868 1341 4931 mado
1364 4870 1397 4931 in
1420 4866 1613 4948 Byzantium

422 4982 494 5027 ram
521 4978 620 5043 agras
638 4957 812 5044 praedandi
833 4947 925 5033 causa
950 4956 1096 5039 impetum
1120 4954 1276 5037 saciando.
1318 4954 1447 5020 Veritus
1472 4963 1613 5030 tamea,

429 5070 468 5117 aa
489 5049 677 5113 commerear
698 5046 724 5111 ii
747 5066 824 5133 qaas
846 5038 1039 5131 affliiiabat,
1061 5062 1099 5107 'ac
1122 5044 1253 5108 uicinum
1286 5038 1343 5107 iace
1383 5042 1499 5104 ntalem
1536 5044 1618 5105 male

422 5135 607 5225 perderent,
630 5133 771 5201 mennas
793 5133 905 5222 eastris
924 5132 1037 5196 maluit
1058 5132 1134 5216 imp.
1161 5130 1368 5198 Caatacazeni
1386 5125 1492 5213 socias
1506 5124 1617 5209 faede-
