4642 6992
717 1243 758 1317 ,0
1006 1150 1007 1154 Ὺ
1080 1289 1083 1296 ,
1133 1200 1557 1323 stavrconv‘nt

850 1493 859 1504 .
1249 1436 1277 1486 a.
1303 1415 1343 1487 C·
1367 1433 1453 1507 449-
1676 1488 1680 1496 .

718 1535 759 1611 ad
783 1535 872 1613 mille
896 1527 938 1606 ad
972 1530 1098 1608 flumen
1121 1535 1335 1619 Danubium,
1375 1558 1410 1612 vt
1440 1536 1483 1608 ibi
1516 1537 1663 1612 excubias
1695 1552 1809 1607 contra
1841 1532 1960 1608 Abares
1974 1533 2011 1600 t)
2037 1595 2045 1601 .

716 1659 855 1739 agerent
908 1629 960 1707 Ad
990 1633 1078 1708 illam
1103 1639 1193 1722 enim
1226 1638 1369 1709 Danubii
1400 1657 1526 1736 partem
1559 1641 1677 1711 Abares
1709 1657 1786 1708 tunc
1822 1660 2009 1708 commora-

715 1743 851 1822 bantur,
881 1736 934 1809 vbi
958 1732 1060 1808 hodie
1086 1738 1193 1809 Turci
1218 1735 1367 1838 degunt,
1398 1736 1592 1812 Nomadum
1617 1739 1713 1812 instar
1738 1741 1890 1809 uiuentes.
1941 1745 2008 1810 Ve-

713 1847 837 1916 nientes
862 1857 970 1910 autem
996 1842 1165 1936 quotannis
1189 1839 1383 1932 Dalmatae,
1414 1867 1490 1911 cum
1515 1835 1609 1940 saepe
1636 1839 1700 1912 illic
1726 1840 1871 1908 iumenta
1896 1841 2005 1912 bomi-

713 1969 836 2042 nesque
861 1935 1032 2021 viderent,
1057 1941 1201 2012 traiicere
1224 1939 1282 2014 illis
1306 1936 1480 2040 aliquando
1505 1939 1608 2014 visum
1633 1939 1721 2021 fuit,
1748 1961 1779 2009 et
1802 1939 2004 2040 inuestigare,

714 2049 850 2144 quinam
876 2039 919 2110 ibi
945 2036 1109 2138 degerent.
1161 2043 1250 2114 Cum
1277 2039 1618 2141 itaquetraiecilsent,
1643 2039 1788 2114 Abantm
1812 2034 2009 2114 seminaret

710 2159 833 2246 pueros
859 2135 943 2214 solos
969 2145 1186 2224 inuenerunt,
1220 2147 1295 2214 viris
1319 2161 1351 2214 et
1378 2144 1546 2216 iuuenibus
1572 2141 1615 2215 ad
1641 2138 1885 2242 expeditionem
1918 2140 2006 2218 belli·

713 2273 787 2319 eam
813 2235 992 2344 profediis3
1025 2237 1112 2315 vnde
1143 2237 1248 2316 subito
1277 2247 1460 2342 ingruentes
1485 2271 1602 2317 omnes
1636 2260 1813 2343 ceperunt,
1848 2241 2006 2344 nulloque

712 2367 847 2450 accepto
872 2338 997 2416 damno
1021 2339 1141 2418 reuersi
1163 2338 1261 2438 sunt,
1283 2342 1404 2444 praeda
1428 2346 1491 2422 hac
1515 2345 1669 2421 Salonam
1694 2340 1840 2418 abducta
2023 2364 2026 2368 ’

1309 2551 1342 2648 §-
1374 2574 1402 2646 5·

813 2715 933 2789 Abares
959 2732 1066 2789 autem
1093 2739 1134 2788 ex
1160 2713 1273 2788 bellica
1297 2709 1505 2814 expeditione
1528 2712 1671 2799 reuersi,
1705 2739 1741 2788 re
1766 2718 1897 2814 cognita
1922 2735 2001 2785 con·

709 2809 837 2888 ilernati
864 2813 997 2917 quidem
1034 2835 1146 2895 erant,
1172 2837 1224 2900 at,
1250 2812 1338 2890 vnde
1362 2815 1478 2889 vulnus
1511 2819 1579 2888 hoc
1608 2815 1685 2916 ipsis
1721 2815 1880 2889 indicium
1913 2811 2002 2894 esset,

709 2917 923 3012 ignorabant,
949 2917 1164 3014 quamobrem
1191 2913 1428 2990 obseruandum
1452 2915 1511 2989 fibi
1535 2938 1663 3017 tempus
1689 2917 1828 2989 statuunt
1852 2937 1885 2988 et
1899 2916 1943 2987 ab·
1959 2935 2003 2988 eo

663 3013 670 3028 '
710 3020 824 3088 omnia
849 3013 1005 3090 discenda.
1057 3016 1233 3115 Postquam
1259 3021 1356 3117 igitur
1379 3042 1442 3116 pro
1471 3045 1566 3091 more
1591 3014 1718 3090 rursum
1743 3015 1835 3089 millu
1850 3013 1923 3089 sunt
1947 3020 2003 3089 Sa·

706 3112 785 3188 lona
809 3116 1025 3218 praefidiarii,
1059 3137 1092 3191 et
1116 3115 1167 3190 alii
1197 3114 1297 3192 essent
1328 3145 1348 3190 a
1381 3123 1518 3216 pritnis,
1558 3117 1648 3193 idem
1681 3115 1852 3191 confilium
1884 3137 1917 3194 et
1940 3113 2002 3215 ipsi

706 3241 886 3316 ceperunt,
923 3225 1177 3319 traieceruntque
1203 3239 1317 3292 eontra
1342 3220 1471 3297 Abares
1523 3219 1704 3293 incidentes
1728 3246 1809 3293 vero
1843 3224 1878 3290 in
1903 3217 2001 3302 illos,

632 3345 634 3349 ’
708 3343 781 3391 non
807 3315 950 3419 sparsos,
980 3341 1015 3396 vr
1039 3340 1153 3402 antea,
1180 3313 1235 3393 sed
1260 3319 1440 3405 colledbos,
1465 3346 1537 3393 non
1561 3319 1669 3396 solum
1693 3319 1774 3392 nihil
1799 3315 1998 3404 efferenmt,

595 3459 600 3469 x
705 3413 761 3491 sed
795 3426 947 3496 omnium
981 3419 1164 3523 grauiffima
1195 3419 1274 3520 palli
1305 3416 1403 3514 sunt;
1438 3429 1561 3521 quippe
1591 3427 1709 3522 partim
1743 3418 1849 3505 caefi,
1879 3426 1999 3520 partim
2116 3461 2121 3468 ·

707 3525 792 3620 capti
817 3518 933 3611 fuere3
969 3549 1075 3622 neque
1101 3525 1273 3623 quisquam
1297 3517 1384 3606 fuit,
1417 3530 1474 3620 qui
1499 3550 1518 3594 e
1542 3525 1688 3598 manibus
1722 3522 1854 3596 illorum
1884 3520 1999 3596 euade-

621 3651 626 3656 ·
706 3641 764 3696 ret.
815 3628 996 3696 Percontati
1021 3647 1124 3706 vero,
1152 3628 1311 3720 quinam,
1338 3642 1371 3695 et
1395 3621 1483 3696 vnde
1509 3619 1638 3707 essent,
1674 3622 1925 3726 intelludioque,
1958 3624 1998 3695 ab

704 3717 781 3820 ipsis
806 3719 839 3794 se
863 3722 947 3796 mala
971 3718 1065 3821 supra
1089 3740 1350 3796 commemorata
1399 3717 1539 3821 erpell‘os
1573 3722 1662 3805 else,
1697 3721 1828 3826 insuper
1861 3721 1905 3798 de
1930 3723 1998 3798 loci

705 3819 854 3922 qualitate
877 3823 1093 3921 inquirentes,
1137 3819 1226 3922 quali
1260 3849 1302 3896 ex
1327 3748 1441 3895 auditu
1471 3849 1585 3897 amore
1611 3823 1761 3916 accensi,
1800 3831 1837 3897 in
1860 3825 1997 3901 vinculis

706 3945 764 3994 eos
788 3939 983 4006 tenuerunt,
1010 3921 1147 3998 vestibus
1172 3949 1290 3998 eorum
1315 3917 1448 4007 suintis,
1485 3931 1639 4027 equisque
1664 3921 1867 4011 conscensis,
1904 3926 1998 4002 flam·

604 4111 609 4127 .
671 4063 674 4066 ·
704 4019 794 4096 mida
823 4043 855 4096 et
880 4021 1002 4122 reliqua
1026 4021 1139 4124 ligna,
1167 4049 1250 4124 qnae
1272 4022 1598 4118 secuunattulerant,
1628 4027 1775 4105 tollentes
1809 4055 1905 4105 more
1939 4053 1995 4103 ex·

705 4126 845 4212 ercitus,
872 4123 1025 4204 Salonam
1049 4131 1220 4226 petierunt.
1318 4167 1324 4175 ·
1746 4155 1750 4160 ’

1308 4228 1398 4326 to.

812 4348 959 4446 Cognito
984 4349 1081 4446 iginu
1104 4364 1279 4445 tempore,
1314 4370 1383 4444 quo
1413 4371 1432 4419 a
1465 4347 1618 4423 Danubio
1649 4347 1754 4423 redire
1787 4345 1870 4428 soliti
1903 4370 1994 4424 erant

705 4441 924 4546 praesidiarii,
951 4445 1042 4547 quod
1068 4466 1134 4518 erat
1159 4472 1320 4546 magnum
1341 4441 1505 4522 sabbatum
1519 4501 1538 4533 ,A
1557 4456 1654 4525 etiam
1680 4450 1799 4526 eodem
1826 4451 1880 4526 die
1896 4477 1994 4527 vene-

701 4565 787 4622 tunt.
837 4543 1018 4622 Multitudo
1043 4565 1152 4639 autem
1180 4551 1288 4619 omnis
1314 4573 1391 4628 eum
1417 4549 1487 4623 vrhi
1511 4557 1811 4653 appropinquaret,
1847 4548 1911 4627 sese
1936 4577 1995 4627 oc·

704 4647 857 4736 cultauit3
891 4647 979 4722 mille
1004 4673 1109 4732 veru,
1143 4652 1200 4747 qui
1232 4673 1334 4746 equos
1359 4669 1392 4722 et
1415 4648 1515 4724 velles
1539 4653 1762 4729 Delmatamm
1796 4650 1993 4738 sumserunt,

637 4785 640 4790 ·
701 4770 738 4822 ut
752 4743 929 4830 salierunt,
962 4747 1089 4823 ulterius
1156 4767 1355 4822 errexenrnt.
1406 4748 1598 4850 Oppidani,
1634 4760 1770 4853 cognitis
1802 4753 1900 4855 lignis
1930 4749 2024 4827 suis.

701 4869 734 4922 et
757 4845 895 4929 uestitu,
929 4871 1092 4947 praeterea
1116 4775 1192 4933 die,
1229 4875 1297 4946 quo
1320 4847 1424 4924 redire
1448 4849 1522 4950 ipsis
1557 4848 1712 4939 solenne,
1744 4862 1846 4954 portis
1875 4860 1993 4955 apertis

697 4943 922 5052 gratulabundi
948 4975 1005 5025 eos
1027 4969 1252 5051 exceperunt*
1287 4946 1337 5025 llli
1362 4978 1440 5027 vero
1466 4951 1572 5041 statim
1597 4980 1636 5029 ac
1658 4953 1844 5050 intratient,
1878 4975 1990 5057 portas

1296 5109 1304 5116 ·
1360 5123 1362 5126 Α
1892 5081 1991 5135 OCCU-

604 5243 609 5249 .
746 5151 786 5242 ἱ)
812 5151 912 5228 ἕνεκα
951 5179 1020 5232 'de
1050 5149 1216 5255 Assupm,
1257 5148 1318 5215 Sla-
1368 5151 1485 5238 telllssl,
1508 5151 1661 5240 superiora
1690 5155 1808 5223 dotent.

699 5269 777 5332 uos,
801 5255 1253 5335 ermentectrteConstantini,
1273 5254 1318 5317 in·
1739 5263 1744 5266 ’
