4642 6992
722 1148 788 1231 3„
1154 1128 1657 1211 svroarrcoxvst

450 1250 467 1283 '
508 1242 708 1327 surproatt.
740 1244 744 1259 ·
1291 1313 1296 1321 ¹

508 1346 557 1391 ΝΕ
600 1330 670 1397 Pal.
1278 1353 1308 1401 a,
1332 1330 1372 1402 C,
1399 1348 1492 1417 1344

722 1472 900 1577 doquidem
927 1472 994 1543 hoc
1019 1458 1167 1541 aduersus
1191 1458 1224 1537 se
1248 1485 1475 1564 comparatum
1499 1464 1622 1539 bellum
1653 1465 1744 1541 breui
1770 1466 1875 1541 multas
1900 1474 1925 1544 ei
1951 1472 1996 1548 ela.

724 1580 778 1653 des
806 1576 956 1649 datiuum
981 1566 1028 1641 srt.
1042 1608 1087 1621 -
1100 1564 1306 1649 Alexander,
1331 1562 1528 1654 Moesorum
1551 1592 1635 1657 rex,
1656 1588 1692 1642 vt
1716 1588 1850 1643 oratores
1877 1575 1999 1649 Cantaur·

704 1669 795 1755 'zeni
823 1672 901 1777 quid
932 1665 1088 1746 venissent
1113 1662 1358 1765 exposuerunt,
1382 1668 1464 1740 nihil
1489 1664 1678 1765 respondit:
1710 1696 1784 1743 cum
1817 1678 1935 1746 exeram
1958 1703 1996 1748 au.

721 1803 789 1855 tem
816 1778 992 1852 Morrharu
1028 1764 1185 1869 ingressus
1216 1768 1285 1853 est,
1318 1766 1473 1868 oppidula
1507 1768 1572 1841 illie
1611 1774 1797 1870 imperatori
1830 1768 2000 1880 subiellaji

722 1876 851 1983 pollet,
878 1874 1069 1948 subaslurus.
1119 1876 1235 1941 Vnum
1259 1895 1362 1969 porro
1394 1867 1436 1945 de
1468 1869 1551 1955 illis,
1585 1873 1867 1971 Hyperpyraeium
1895 1881 1998 1949 numne

722 1988 820 2056 etiam
847 1998 921 2051 ante
947 1968 1123 2048 Alexandri
1148 1969 1327 2043 aduentum
1353 1967 1555 2068 praesertim
1576 1971 1620 2045 ab
1644 2000 1690 2050 eo
1714 1970 1839 2050 mitium
1852 1968 1999 2078 suscepere,

721 2104 756 2161 et
781 2100 848 2157 erat
872 2102 1005 2181 quoque
1025 2069 1225 2175 praesidium
1248 2068 1479 2173 suscepturum.

1319 2259 1353 2356 §-
1379 2266 1458 2351 ste

826 2408 1008 2501 Imperator
1030 2416 1066 2471 vt
1089 2396 1156 2471 lroc
1182 2422 1223 2469 ex
1248 2396 1359 2498 legatis
1384 2399 1516 2480 didicit,
1542 2402 1617 2497 quia
1634 2418 1678 2472 -et
1698 2394 2001 2496 Perfluunjlubfid‘m

726 2503 885 2587 habebat,
909 2521 941 2574 et
967 2498 1098 2573 Cralem
1126 2517 1263 2598 propter
1288 2500 1417 2600 plagam
1443 2519 1610 2597 acceptam
1643 2506 1681 2571 in
1706 2506 1901 2599 {prouinciam
1926 2527 2003 2573 reuer-

725 2601 799 2678 sum
825 2603 991 2685 audierat,
1016 2598 1189 2683 hilaratus,
1214 2604 1385 2675 Matthaeo
1410 2601 1480 2675 filio
1508 2604 1751 2700 Gratianopolis
1775 2603 1946 2701 aliarumque
1968 2624 2004 2672 tr·

724 2706 816 2779 bium
844 2712 878 2777 in
902 2702 1078 2776 Chalcitica
1104 2700 1161 2797 fibi
1187 2708 1369 2799 parentium
1395 2698 1565 2803 praefedlo
1574 2702 1717 2787 relicto,
1741 2708 1938 2778 inMorrharn
1948 2726 2004 2773 cuu-

722 2821 772 2880 sra
797 2803 956 2894 Moesos,
983 2798 1140 2904 quantum
1169 2808 1300 2901 pontit,
1325 2808 1521 2903 properauit.
1569 2808 1622 2875 Eo
1647 2804 1813 2879 intelleslo
1842 2799 2005 2881 Alexander.

723 2913 882 3008 quoniam
907 2910 974 2977 acie
999 2902 1140 2977 resrllere
1164 2905 1338 3001 nequibat,
1364 2912 1446 2977 mira
1472 2903 1675 2977 sellinatioue
1701 2928 1735 2979 et
1765 2902 1953 3005 incompufite
1975 2892 2033 2972 aa*

683 3074 688 3081 .
724 3036 791 3109 que
817 3001 951 3082 consule
976 3007 1093 3078 Hebro
1118 3000 1275 3087 tranlito,
1302 3006 1400 3079 callra
1438 3000 1538 3113 sepit,
1565 3026 1619 3078 tan
1644 3034 1724 3079 uam
1755 3006 1881 3084 flumine
1903 3010 2004 3102 impera

725 3130 836 3183 torem
860 3102 1057 3213 imppdituro
1082 3100 1220 3189 seilicet,
1242 3132 1288 3177 ne
1312 3107 1382 3181 illos
1412 3104 1522 3179 secum
1554 3032 1730 3187 conserere
1757 3137 1864 3182 uranus
1897 3102 2005 3202 ooruptl·
2095 3119 2096 3148 ¹

726 3211 815 3287 leret.
866 3206 1044 3283 Summerli
1069 3200 1142 3280 sunt
1167 3207 1357 3282 intransitu
1382 3206 1498 3281 milites
1519 3207 1646 3309 aliquot
1671 3232 1705 3282 et
1731 3217 1804 3311 equi
1832 3208 2006 3309 complures:

727 3308 868 3387 sarcinae
893 3316 972 3383 item
998 3332 1030 3383 et
1054 3306 1288 3409 impedimenta
1312 3336 1382 3383 non
1407 3314 1441 3380 in
1466 3309 1603 3382 flumine
1626 3310 1760 3397 modo,
1785 3308 1835 3385 sed
1858 3314 1912 3383 hac
1938 3312 2007 3379 eim

731 3410 774 3487 de
801 3407 892 3487 causa
917 3406 1047 3493 amissa,
1074 3408 1166 3509 quod
1192 3415 1226 3483 in
1250 3415 1415 3510 principiis
1438 3412 1478 3482 ab
1503 3417 1702 3512 imperatore
1727 3414 1821 3487 locati
1843 3406 1955 3484 Moesos
1970 3403 2006 3476 ad
2096 3409 2097 3412 ’

727 3518 795 3591 hue
819 3506 1036 3595 transeuntes,
1063 3538 1081 3582 a
1107 3534 1201 3611 tergo
1233 3508 1307 3611 iplis
1345 3512 1522 3595 instantes,
1561 3515 1788 3613 perurgebant.
1836 3518 2007 3613 Hyperpyra·

730 3623 820 3689 cium
846 3634 977 3696 autem,
1004 3608 1196 3712 praesesl0,
1222 3638 1322 3713 quem
1348 3612 1531 3687 Alexander
1556 3615 1764 3699 instituerat,
1793 3614 1881 3690 limul
1914 3638 1945 3684 ae
1967 3615 2007 3678 in·

731 3722 889 3818 peratoris
916 3712 1095 3787 aduentum
1121 3714 1266 3798 audiuit,
1291 3712 1413 3816 fugae,
1438 3722 1513 3815 quia
1539 3736 1689 3813 poterat,
1716 3714 1747 3788 se
1771 3715 1952 3791 maritante,
1976 3733 2008 3777 ft·
2097 3697 2098 3780 l

730 3806 865 3918 ceptum
893 3818 946 3889 ell.
998 3814 1184 3888 Alexander
1207 3842 1310 3913 porro
1335 3818 1481 3916 legatos,
1507 3844 1588 3888 mox
1614 3813 1671 3888 res
1689 3814 1768 3890 unso
1800 3817 1900 3898 dato,
1933 3809 2009 3882 dinit-
2097 3817 2098 3824 ’

728 3942 824 4002 tens,
850 3914 1033 4016 addensque
1058 3916 1138 3991 nihil
1162 3912 1195 3988 se
1220 3943 1279 4015 per
1310 3918 1459 3989 iniuriam
1492 3845 1720 4005 commililsd,
1754 3917 1842 4021 quod
1873 3922 2010 4017 superator

729 4026 851 4099 merito
877 4015 1062 4104 vlciscatur,
1088 4025 1123 4092 in
1146 4044 1287 4120 reguum
1312 4015 1408 4094 suurn
1433 4015 1465 4092 se
1488 4025 1620 4122 recepit.

638 1640 701 1709 399

1342 4206 1375 4302 i·
1400 4210 1479 4299 4⁶9

839 4364 1059 4417 tMPERATOR
1088 4366 1167 4413 curn
1190 4362 1224 4414 et
1249 4342 1471 4418 Alexandrum
1496 4340 1683 4418 submotum
1711 4338 1773 4417 esse
1789 4336 1944 4442 gauderet,
1962 4336 2012 4407 He·

643 4416 725 4487 400.
738 4442 934 4530 ratleeuses,
961 4448 1160 4541 imperatoris
1185 4440 1392 4519 adolescentis
1418 4443 1575 4520 sludiosos
1600 4444 1753 4519 inuadere
1791 4444 1929 4541 parabat,
1958 4442 2015 4505 clm

733 4546 937 4626 Momitzilus
963 4572 981 4617 a
1007 4550 1167 4639 Byzantiis
1194 4551 1228 4617 in
1254 4573 1330 4619 eum
1355 4553 1514 4640 irritatus,
1541 4569 1576 4621 vt
1600 4546 1870 4641 Didymotichum
1892 4529 2018 4613 reuerill't'

733 4654 915 4747 cognouit,
942 4644 1107 4719 Abderitas
1130 4645 1268 4732 inuasit,
1295 4652 1348 4728 vbi
1375 4647 1562 4749 quindecim
1587 4676 1686 4720 naues
1710 4650 1749 4721 ab
1774 4648 1903 4719 Amurio
1924 4637 2014 4711 adim·

730 4770 914 4849 peratorem
942 4743 1099 4848 suppetias
1126 4746 1235 4821 millae
1261 4750 1381 4823 stabant
1408 4756 1441 4821 in
1466 4751 1595 4833 littore,
1630 4774 1709 4851 quas
1741 4747 1865 4820 ducenti
1894 4746 2015 4841 quinque

732 4856 823 4951 ginta
846 4846 956 4925 Persae
984 4848 1228 4937 custodiebant,
1253 4853 1381 4981 reliquis
1404 4856 1637 4954 imperatorem
1668 4848 1869 4951 sequentibus
1910 4850 1953 4921 Er
1972 4839 2014 5010 Εἰ

777 5110 1140 5241 mstfflpm
1456 5154 1823 5242 mamam
