4642 6992
270 5378 285 5413 1

860 1202 1176 1281 csrvTxut
1469 1240 1471 1247 '
1576 1196 1665 1306 r317
1761 1228 1766 1241 '

863 1432 891 1483 a
916 1410 956 1482 C.
982 1418 1187 1503 1348-1357.

354 1532 420 1613 sed
445 1561 524 1609 cnm
537 1532 653 1608 =.liberis
678 1552 711 1607 et
734 1538 975 1635 propinquitate
999 1537 1182 1612 coniunctis
1193 1542 1390 1613 moriturum
1407 1542 1546 1639 potins,¹
1564 1564 1664 1637 quam

362 1641 409 1713 ob
434 1633 636 1739 praesentem
662 1635 830 1710 valiatam
856 1658 988 1711 externa
1013 1637 1181 1723 dedecoris
1206 1662 1422 1715 monumenta
1450 1638 1491 1713 ad
1518 1642 1665 1741 polleros

352 1744 539 1816 ‘Romanos
562 1736 760 1811 relidiarum
808 1743 901 1839 Quae
929 1758 962 1811 tn
990 1749 1124 1842 quoque
1151 1769 1229 1815 cum
1255 1748 1396 1847 coniuge
1412 1744 1666 1843 proceribusque

359 1836 581 1917 consultando
605 1838 684 1912 iulia
709 1858 742 1912 et
764 1844 890 1941 'utrique
918 1839 1068 1914 nostrum
1089 1842 1224 1917 laudem
1249 1871 1328 1941 non
1348 1846 1521 1917 minimam
1556 1850 1665 1917 conci-

358 1944 473 2020 liatura
497 1939 681 2014 indicabas:
704 1936 888 2041 foedusque
913 1942 1146 2039 percussimus,
1174 1965 1206 2019 et
1220 1942 1416 2020 sacramenta
1442 1950 1664 2045 concepimus,

358 2065 399 2123 vt
422 2048 598 2117 amicitiam
624 2038 853 2122 etsocietatem
877 2038 1023 2116 inomni
1047 2050 1111 2119 vita
1124 2046 1329 2132 coleremus,
1357 2048 1499 2147 alterque
1514 2046 1662 2132 alterum,

357 2168 398 2223 vt
415 2151 568 2219 >maxime
598 2140 726 2243 posset,
760 2146 971 2239 intempore
1001 2144 1175 2221 adiuuaret.
1225 2147 1357 2247 Oppida
1387 2174 1466 2223 vero
1500 2170 1532 2221 et
1557 2154 1662 2248 regio·

356 2275 442 2321 nem
473 2252 685 2327 Romanam,
711 2265 888 2347 quantam,
913 2242 1108 2321 Andronico
1134 2254 1331 2349 imperatore
1357 2248 1465 2322 adhuc
1488 2246 1662 2349 superstite,

1678 1314 1887 1401 Imppnontt.

1678 1416 1725 1463 na
1756 1404 1827 1469 Par.

1677 1502 1816 1551 toruae

1681 1575 1808 1641 Gnatae·
1862 1589 1867 1611 ⁸

356 2369 397 2423 tn
423 2344 490 2449 ipse
520 2367 575 2419 aut
598 2348 738 2419 maiores
763 2351 809 2418 tui
834 2349 995 2447 prioribus
1019 2345 1265 2450 imperatoribus
1290 2349 1504 2435 absimilem,
1539 2371 1685 2427 tantam,
1760 2406 1771 2428 .

355 2446 472 2525 secure
502 2470 649 2524 teneres:
681 2474 789 2548 neque
812 2471 985 2547 propterea
1012 2478 1076 2551 ego
1103 2477 1194 2527 arma
1219 2448 1406 2537 sumerem,
1442 2460 1589 2553 quamuis
1624 2480 1662 2525 ea
1726 2519 1733 2525 .

354 2550 490 2655 poss'etn
514 2552 571 2623 tibi
596 2554 730 2649 eripere.
781 2551 921 2623 Relidias
947 2576 1049 2649 vsqne
1074 2551 1114 2625 ad
1140 2551 1175 2625 id
1202 2579 1331 2653 tempus
1356 2556 1448 2629 urbes
1473 2554 1563 2627 nullo
1589 2580 1661 2626 mo·

357 2652 434 2737 do,
467 2678 575 2752 neque
606 2672 696 2734 arte,
730 2671 787 2737 ant„
809 2655 961 2724 machina
984 2654 1048 2728 vlla
1071 2652 1197 2727 auferre
1223 2660 1383 2728 niterere:
1415 2651 1471 2727 sed
1505 2658 1585 2727 mihi
1620 2652 1661 2729 ad

354 2755 644 2855 recuperationem
656 2754 798 2826 Romani
821 2759 1040 2853 principatus,
1067 2782 1130 2855 pro
1156 2752 1307 2829 facultate
1333 2774 1445 2828 contra
1467 2753 1661 2829 aduersarios

354 2884 454 2931 meos
481 2854 661 2940 dimicans,
686 2880 818 2926 nauares
846 2882 981 3028 qperam
1028 2862 1071 2930 Et
1082 2879 1188 2955 captas
1207 2857 1339 2959 quidem
1360 2878 1413 2930 arrt
1434 2854 1578 2941 deditas,
1604 2884 1661 2930 me

384 2954 547 3042 raesente,
573 2983 639 3059 ego
673 2957 825 3029 haberem
867 2984 922 3030 me
948 2958 1191 3032 controuersia:
1218 2958 1266 3032 sin
1285 2964 1513 3059 contingeret,
1539 2960 1661 3032 moab
1747 3037 1752 3045 ,

417 3081 472 3146 te,
504 3079 559 3132 aut
580 3054 686 3157 ipsum
710 3079 758 3142 te,
789 3077 845 3130 aut
871 3055 1079 3154 dynastamm
1105 3080 1240 3134 tuorum
1267 3067 1454 3161 quempiam
1482 3062 1595 3133 vrbem
1608 3060 1661 3133 ali·

359 3189 462 3264 qnam
495 3164 729 3235 Romanorum
760 3180 815 3233 aut
850 3158 1066 3261 proditione,
1100 3182 1155 3235 aut
1187 3159 1380 3247 obsidione,
1413 3180 1468 3233 aut
1501 3168 1659 3260 connptis

357 3264 530 3365 largitione
556 3262 702 3345 ciuibus,
727 3280 782 3335 aut
806 3261 865 3335 alia
889 3259 1031 3363 quadam
1054 3268 1180 3336 ratione
1208 3289 1393 3363 occupare,
1419 3260 1655 3345 restitueretur,

357 3366 530 3467 nrrllusque
562 3365 712 3437 obtentus
744 3358 787 3434 ad
820 3362 923 3437 ullum
956 3359 1122 3435 auferendi
1158 3362 1298 3437 modum
1331 3360 1498 3436 sufficeret.
1549 3369 1658 3463 Atque

356 3466 442 3541 istud
491 3466 607 3539 robare
631 3461 797 3536 euidenter
819 3463 895 3538 licet
917 3492 958 3537 ex
982 3465 1169 3537 iruamentis
1196 3470 1229 3537 in
1254 3464 1371 3538 tabulas
1397 3464 1522 3545 relatis,
1546 3468 1659 3564 quibus

354 3589 439 3642 tnnc
461 3492 578 3641 sbedm
603 3570 772 3654 internos
797 3567 900 3639 idtnm
927 3561 1069 3657 linxisti,
1094 3562 1307 3665 praesentibus
1332 3562 1577 3667 archiepiscopo
1599 3586 1657 3639 tuo

356 3690 391 3745 et
415 3674 474 3754 iis,
499 3673 557 3768 qui
581 3693 672 3757 nunc
697 3692 809 3739 coram
838 3663 973 3749 adsum,
997 3669 1196 3767 principibus
1222 3674 1293 3743 tuis.

461 3808 748 3907 „Consideremus
772 3816 904 3913 itaque,
940 3832 1010 3889 vter
1033 3818 1215 3887 iuramenta
1248 3814 1305 3887 illa
1330 3808 1484 3896 samarit,
1523 3836 1656 3911 egone,

356 3940 459 4017 quem
484 3936 520 3989 tn
545 3932 652 3987 tantae
676 3915 888 4011 improbitatis
914 3934 1037 3987 ettam
1063 3920 1206 4017 ingratae
1230 3916 1425 3999 voluntatis,
1460 3933 1559 4013 atque
1591 3910 1656 3985 sce·
1685 3978 1687 3983 ,
1750 3932 1765 3951 ”

356 4016 430 4094 letis
457 4020 492 4088 in
519 4020 642 4089 amicos
665 4034 697 4087 et
721 4010 897 4089 insatiabilis
924 4014 1090 4089 cuiusdam
1124 4014 1305 4117 cupiditatis
1339 4012 1485 4088 accusas=
1510 4022 1562 4085 'an
1595 4032 1651 4105 tu,

356 4121 413 4219 qni
436 4112 555 4191 sedicet
581 4116 722 4187 alienum
749 4116 830 4189 nihil
856 4114 1077 4215 concupiscis,
1103 4112 1157 4191 sed
1183 4124 1356 4192 amicitiam
1387 4116 1573 4189 constanter
1599 4136 1661 4186 co·¹

353 4221 417 4302 lis,
441 4238 474 4292 et
501 4216 590 4318 quasi
615 4214 785 4317 quoddam
811 4223 894 4291 vitae
918 4218 1098 4291 institutum
1123 4240 1244 4304 tenes,
1276 4240 1311 4295 vt
1345 4246 1415 4291 non
1448 4214 1540 4289 facile
1573 4232 1652 4286 curn

354 4342 507 4420 tempore
534 4322 769 4402 commuteris,
793 4346 901 4421 neque
926 4318 1024 4395 semel
1047 4318 1174 4395 decreta
1205 4346 1264 4421 per
1294 4322 1458 4393 leuitatem
1489 4320 1649 4390 retrar‘ies.

351 4418 520 4523 Equidem
544 4423 626 4494 mihi
650 4418 765 4495 videor
790 4422 917 4495 bullum
942 4423 1131 4522 religionis,
1158 4424 1374 4505 constantiae,
1401 4425 1565 4521 aequitatis
1578 4445 1651 4489 mu·

350 4552 415 4601 nus
441 4550 518 4624 erga
543 4528 666 4595 amicos
686 4519 966 4694 dpraetermisisse:
991 4551 1098 4625 neque
1128 4530 1278 4597 auaritiae
1309 4548 1424 4607 meae,
1460 4524 1590 4621 periurii
1614 4538 1647 4591 et

349 4624 546 4701 infidelitatis
569 4628 604 4696 in
629 4648 685 4696 eos
708 4650 762 4696 em
789 4624 891 4700 ullum
916 4649 1146 4727 argumentum
1177 4625 1284 4699 exstat.
1335 4630 1425 4699 Cum
1455 4628 1543 4695 enim
1573 4628 1651 4693 Ber·

350 4732 474 4801 rhoeae
500 4720 664 4808 versarer,
689 4726 846 4826 urbesque
869 4726 1026 4800 finitimae
1061 4726 1221 4827 quaedam
1254 4723 1296 4800 ad
1326 4726 1385 4799 ine
1415 4720 1644 4807 desciscerent,

350 4856 418 4931 ego
443 4826 604 4929 quidem,
629 4846 665 4901 vt
689 4854 740 4899 res
763 4826 907 4913 serebat,
934 4852 1052 4930 augere
1084 4832 1259 4929 imperium
1273 4832 1278 4841 '
1291 4831 1452 4911 conabar,
1486 4842 1518 4899 et
1550 4822 1646 4895 colle·

349 4934 433 5014 rtis,
458 4949 592 5031 quantas
619 4946 792 5025 poteram,
819 4936 944 5030 copiis,
974 4931 1095 5003 habent
1129 4954 1162 5005 et
1193 4934 1375 5007 Germanos
1407 4930 1460 5002 abs
1500 4948 1532 4999 te
1563 4928 1647 4996 mihi

348 5028 462 5109 tniss‘os
472 5084 499 5123 a
510 5026 778 5107 Thessalonicam
801 5037 986 5108 anticorum
1011 5030 1165 5109 accersitu
1197 5039 1281 5110 veni.
1331 5036 1393 5111 Tu
1423 5056 1528 5115 mox,
1563 5025 1650 5099 nulla

388 5226 742 5343 mmfflpm

863 5158 1068 5245 .-Rr3
1378 5206 1471 5227 ,-
1559 5140 1707 5224 caula
