4642 6992
734 1240 794 1327 m
1085 1266 1088 1281 ·
1137 1216 1638 1309 BVLGARICORWM

520 1327 604 1419 nup.
646 1346 727 1400 aar·
1037 1390 1041 1399 .

523 1432 650 1487 DVINO·
1046 1500 1056 1525 Ι
1288 1454 1323 1505 2·
1344 1431 1385 1508 α
1411 1430 1503 1503 1206,

732 1576 765 1633 tn
787 1550 947 1635 visione,
971 1541 1108 1649 sirpuat.
1157 1546 1250 1625 Nam
1273 1554 1407 1645 latini,
1432 1568 1466 1625 et
1489 1542 1656 1651 disciplina
1678 1548 1808 1628 militari
1831 1544 1932 1639 steti,
1955 1554 2057 1629 erlo.

730 1662 807 1735 anni
830 1651 959 1729 sortiter
985 1652 1117 1727 obuiam
1144 1648 1329 1753 progresli,
1353 1649 1475 1728 multoe
1499 1656 1567 1726 eiua
1593 1650 1709 1727 milites
1744 1652 1942 1730 cecideruut.
1992 1652 2056 1729 Sed

729 1786 801 1837 non
826 1754 931 1831 multo
957 1753 1032 1856 posi
1058 1758 1135 1829 c'um
1160 1754 1262 1841 nissi,
1288 1774 1321 1829 et
1344 1750 1387 1829 ad
1411 1757 1525 1829 vrbem
1551 1756 1659 1829 Suro
1682 1754 1833 1830 conuersi
1851 1754 1980 1848 esseot3
2002 1778 2056 1831 an·

618 1950 619 1955 Ἰ
728 1881 863 1963 tequam
886 1878 996 1959 portas
1023 1854 1232 1935 clauderent,
1259 1858 1371 1935 blachi
1394 1875 1428 1930 et
1451 1860 1622 1939 Romani,
1646 1862 1705 1956 qui
1734 1853 1931 1959 fugientibus
1966 1860 2057 1931 iniia-

729 1964 831 2048 baut,
855 1987 918 2037 vna
945 1964 1136 2061 irruperunt.
1187 1956 1272 2031 Vrbe
1296 1962 1340 2035 ita
1362 1979 1456 2058 capta
1480 1978 1514 2033 et
1537 1954 1666 2031 incensa
1690 1959 1762 2043 esl,
1787 1980 1820 2034 et
1850 1964 1987 2037 moenia
2011 1958 2057 2033 di·

728 2086 824 2141 nata:
849 2068 904 2164 qui
929 2056 1159 2161 comprehensi
1182 2054 1299 2147 haere,
1324 2058 1455 2137 abdudii
1481 2080 1515 2135 et
1545 2062 1655 2135 vintru
1705 2066 1759 2135 Ex
1796 2066 1902 2137 latini
1936 2068 2057 2137 exerci-

636 2206 637 2212 1
728 2187 779 2242 tua
804 2165 943 2266 reliquiia
968 2162 1040 2249 alii,
1066 2184 1101 2241 vt
1124 2166 1273 2265 quinque
1284 2167 1414 2265 poturit,
1439 2157 1530 2238 saluti
1553 2157 1628 2237 suae
1658 2160 1914 2250 consuluerunt,
1936 2166 1990 2238 alii
2011 2192 2057 2239 ar·

728 2286 1215 2452 {inlisisinlisis
1220 2262 1456 2468 msa
1438 2269 1870 2466 diffluis?
1871 2264 1972 2443 “fid
1984 2294 2058 2442 ‘il'

727 2471 844 2556 xiiiia,
862 2478 935 2544 eam
949 2468 1210 2569 ‚postulationem
1234 2466 1502 2569 aspernarentur,
1527 2464 1622 2543 scalae
1648 2490 1762 2571 parat:
1792 2489 1826 2543 et
1857 2475 1893 2542 in
1926 2470 2056 2545 hamulo

727 2570 874 2674 quodam
901 2594 920 2643 e
945 2576 1081 2673 regione
1105 2576 1187 2647 arcii
1217 2575 1368 2646 machine
1398 2575 1544 2645 maxima
1577 2569 1763 2657 collocata,
1805 2575 1941 2647 moenia
1972 2569 2055 2648 serit

724 2678 829 2751 Latini
854 2698 956 2760 vero,
982 2672 1161 2774 depromtis
1187 2675 1339 2749 omnibur
1362 2677 1424 2759 iic,
1448 2699 1533 2775 quae
1557 2672 1599 2747 ad
1620 2670 1849 2749 defensionem
1859 2670 1929 2749 vsui
1942 2672 2054 2760 esl'ent,

725 2776 971 2881 repugnabant,
996 2772 1105 2851 donec
1129 2782 1297 2851 loannem
1313 2792 1430 2851 ‘muro
1466 2774 1553 2851 velut
1577 2780 1670 2877 igni,
1703 2795 1737 2851 et
1778 2780 1873 2849 omni
1912 2782 2056 2852 exercitu

726 2898 831 2955 tutam
858 2904 968 2953 arcem
993 2872 1240 2952 circumdedisse
1265 2877 1299 2938 u)
1324 2898 1359 2953 et
1382 2902 1521 2953 omnem
1546 2872 1607 2951 sabi
1631 2883 1757 2955 exitum
1781 2874 1991 2955 interclusisse
2009 2884 2056 2955 vi·

726 2978 869 3065 derunt,
895 3000 930 3055 at
954 3006 1017 3055 nec
1042 2976 1141 3081 pedes
1167 2978 1247 3055 ullus
1272 2977 1358 3055 clam
1384 2978 1427 3053 ad
1449 2982 1679 3053 marchionem
1708 2985 1880 3080 peruenire
1914 2978 2054 3081 posset:

635 3088 640 3117 ¹
723 3102 798 3160 tum
822 3106 902 3159 veto
928 3108 966 3156 ea
990 3080 1181 3157 conditione
1210 3074 1411 3155 deditionem
1441 3076 1549 3155 facere
1591 3082 1795 3163 culcurrunt,
1827 3080 1855 3155 fi
1885 3078 1945 3157 sibi
1975 3110 2051 3159 rum

723 3188 821 3261 mnis
850 3201 882 3256 et
903 3188 996 3285 equis
1022 3202 1093 3258 tuto
1118 3178 1280 3257 discedere
1303 3185 1420 3257 liceret.
1469 3188 1580 3286 Qarn
1606 3182 1663 3257 illo
1692 3181 1820 3282 prorsus
1850 3181 2051 3283 repudiante,

750 3284 911 3367 oslulant,
937 3284 1035 3361 duces
1060 3281 1118 3360 sibi
1143 3284 1283 3359 domum
1311 3280 1482 3359 reuersuriu
1506 3284 1634 3357 attribui
1658 3310 1760 3386 mque
1790 3280 1833 3356 ad
1864 3290 2049 3362 Parmoniae

722 3312 816 3481 boen
868 3388 922 3465 Sic
942 3385 1079 3465 foedere
1117 3388 1211 3473 isio,
1246 3383 1301 3461 ille
1325 3396 1451 3463 'arcem
1487 3391 1689 3491 occupauit,
1711 3390 1750 3478 hi
1768 3391 1855 3461 cina
1876 3384 2050 3468 discrimen
2158 3411 2160 3494 l

706 3490 880 3581 'abiemut
1459 3490 1465 3499 “
1747 3558 1755 3571 ,
2157 3543 2159 3604 p

711 3615 715 3623 ’
1326 3592 1358 3690 §.
1385 3591 1458 3678 263.
2156 3651 2158 3716 p

825 3726 979 3802 Marchio
1004 3720 1085 3801 dum
1112 3720 1220 3799 adhuc
1243 3720 1472 3826 Peloponneso
1491 3718 2044 3822 couslituendanccupatnr,···lit·
2155 3775 2157 3826 p

722 3828 797 3903 teria
821 3817 957 3913 uxoris,
983 3854 1032 3905 res
1059 3852 1162 3900 nouat
1194 3826 1305 3903 moliri
1326 3820 1652 3907 Thessalonicenses,
1675 3822 1715 3896 fit
1739 3830 1886 3898 certior:
1922 3820 2040 3923 ipsam,

721 3927 801 4003 urbe
814 3922 1018 4027 expulsam,
1045 3932 1080 4000 in
1106 3954 1216 4001 arcem
1241 3924 1446 4029 confugisse,
1472 3946 1506 4000 et
1538 3926 1724 4026 complures
1764 3926 1832 3999 dies
1865 3927 1934 3997 iam
1965 3922 2039 4000 obh-
2153 3923 2156 3990 f

722 4024 819 4102 deri:
846 4031 960 4105 vrbem
984 4054 1064 4106 vero
1090 4056 1109 4100 a
1136 4029 1259 4103 Blacho
1285 4028 1454 4131 quodam,
1479 4024 1605 4103 Prosaci
1636 4047 1670 4099 et
1701 4024 1920 4103 finitimorum
1955 4028 2036 4109 loco
2152 4115 2153 4118 Ἴ

622 4212 627 4217 ,
702 4152 798 4204 ¹urm
825 4136 983 4207 loanneae
1009 4130 1138 4203 ditionis
1165 4127 1357 4229 praeseslo,
1383 4134 1519 4203 nomine
1544 4128 1738 4228 anrsmrno
1759 4132 1815 4213 ‘1,
1832 4132 1944 4201 teneri
1966 4134 2034 4228 Qui
2152 4143 2154 4160 ¹

720 4231 779 4304 bus
804 4229 918 4304 auditis
946 4234 1094 4304 marchio
1119 4236 1365 4331 quamprimum
1392 4258 1495 4331 opem
1519 4236 1550 4305 ei
1572 4230 1661 4304 ferre
1682 4228 1815 4316 slatuit,
1840 4248 1874 4302 et
1904 4225 2036 4303 reditann
2151 4219 2153 4266 l

720 4336 902 4404 maturauit.
951 4330 1015 4405 Sed
1041 4352 1214 4431 antequam
1228 4330 1482 4408 Thessalonicae
1498 4338 1799 4433 appropinquaret,
1823 4327 2034 4414 occurritsuiu,
2150 4369 2152 4382 ι

652 4406 860 4507 abellinum
887 4430 1013 4505 cladem
1039 4450 1072 4505 et
1095 4434 1363 4537 profligationem
1386 4436 1613 4509 nunciantibus
1636 4452 1673 4507 et
1692 4432 1951 4531 tranquilitatem
1973 4434 2035 4507 arbi
2149 4435 2151 4494 l

714 4532 902 4627 restitutam.
926 4590 933 4595 -
954 4540 1074 4607 Earum
1101 4562 1212 4609 rerum
1239 4532 1326 4609 fama
1361 4531 1535 4611 deleslatus
1550 4588 1566 4620 ,
1597 4554 1635 4608 et
1661 4528 1727 4605 suis
1755 4532 1935 4617 oslentata,
1965 4562 2033 4609 con
2148 4575 2150 4604 t

590 4646 597 4659 '
716 4630 816 4709 uersis
841 4636 972 4709 habenis
998 4638 1115 4734 Scopia
1149 4641 1240 4713 resia
1261 4634 1386 4719 tendit,
1410 4644 1539 4711 loannis
1562 4640 1695 4710 iniurias
1714 4632 1844 4707 vlnmru
1894 4632 1958 4707 Sed
1983 4642 2031 4711 vix

718 4732 800 4810 (ltrm
826 4764 882 4823 ea,
910 4762 998 4839 quae
1017 4743 1232 4839 parturiebat,
1251 4735 1412 4843 aggressus
1425 4790 1441 4829 ,
1463 4742 1625 4814 nrmcinm
1648 4738 1749 4811 alium
1759 4734 2048 4857 aoripitdecomi

731 5112 743 5143 ,
765 5020 814 5115 rs)
842 5020 889 5100 ὥς
915 5024 948 5097 e’u
973 5048 1060 5123 aroer
1081 5045 1267 5132 tarxerptp
1289 5054 1358 5117 eto·
1444 5024 1491 5121 e)
1515 5017 1734 5125 Εζυΐσμενον.

612 5138 615 5143 “
714 5150 827 5224 cuque
853 5114 1062 5225 δίειληφοτω
1076 5153 1255 5253 marpurg
1270 5158 1361 5243 aare·
1419 5118 1502 5210 'aaa
1517 5160 1646 5212 urcrr.
1664 5158 1774 5211 canu.
1795 5163 1826 5227 p.
1847 5162 1918 5226 399·

712 5251 880 5325 raonem.
1913 5246 1918 5253 '
