4642 6992
728 1202 796 1279 m
861 1161 874 1234 ¹
954 1276 964 1285 Α
1136 1178 1700 1301 ινῑὴεηιοοινκ.

524 1283 607 1366 Imp:
621 1294 727 1343 renu-
820 1320 822 1325 -
893 1290 898 1299 ·

520 1380 571 1431 rra
594 1360 693 1435 Duru.

648 2160 725 2239 ²48-

1225 1349 1228 1356 ¹
1283 1408 1313 1456 a.
1336 1357 1390 1456 C..
1407 1404 1491 1475 1245.

725 1519 816 1592 elem
842 1532 953 1615 parato
980 1514 1156 1611 pharmaco
1184 1505 1387 1590 exllindbrni.
1437 1522 1481 1590 At
1505 1506 1562 1587 bic
1586 1512 1653 1589 lsue
1677 1518 1760 1598 ber,
1796 1512 1864 1588 bae
1898 1514 1953 1590 aba
1979 1515 2017 1589 'te

727 1624 901 1693 ‹aioneser
916 1616 1102 1701 hominibus
1126 1611 1261 1689 sublatus
1287 1615 1353 1689 esl:
1377 1646 1440 1695 nee
1464 1642 1580 1689 rumor
1602 1644 1624 1689 a
1653 1620 1784 1692 veritate
1814 1617 1934 1704 aberam
1965 1642 2021 1689 ere·

726 1720 800 1815 bris
824 1723 916 1791 enim
941 1720 1066 1788 nunciis
1089 1713 1125 1789 id
1146 1711 1387 1795 all‘euerabatut.

834 1904 928 1975 Haec
952 1902 1004 1976 rbi
1028 1895 1165 1976 rescisset
1189 1906 1390 2000 imperator,
1417 1907 1477 1975 iter
1502 1894 1730 2001 prosequitur,
1763 1920 1824 1982 et,
1855 1895 2023 1995 Cbrillops·

730 2000 778 2074 liu
803 1998 1070 2101 praetergressus,
1098 2028 1197 2099 qnam
1223 2003 1388 2075 celerrime
1410 2003 1580 2100 Philippos
1601 2006 1750 2101 attingit,
1775 1996 1951 2096 ibidemque
1962 2026 2025 2069 cute

729 2104 925 2201 primoribus
950 2096 1010 2173 suis
1037 2100 1206 2175 conislium
1231 2108 1298 2178 init
1350 2110 1408 2175 An
1435 2100 1684 2201 irrumpendum
1708 2099 1786 2174 esset
1810 2105 1846 2171 in
1865 2098 2022 2203 liudgerus,

728 2203 1019 2375 abripiendnqqlque
1043 2198 1182 2301 aliquid,
1209 2202 1301 2303 quod
1327 2205 1366 2275 ab
1389 2202 1465 2301 ipfir
1505 2204 1757 2301 occupabatur:
1790 2196 1850 2281 et,
1874 2198 1925 2273 Au
1956 2196 2026 2271 sadli

730 2308 866 2402 negotio
891 2330 914 2401 p
938 2390 939 2393 Ἴ
964 2323 1037 2377 eta
1061 2304 1153 2375 nobis
1179 2308 1346 2378 Senatum
1379 2330 1401 2376 o
1426 2303 1541 2401 pidum
1578 2306 1769 2403 expugnari
1820 2297 1953 2403 Qidatn
1978 2304 2026 2371 im

729 2408 871 2501 peratori
896 2398 1044 2499 aduersus
1069 2404 1225 2503 Bulgaros
1249 2405 1371 2478 bellum
1395 2332 1621 2479 diffindebans
1675 2400 1756 2476 Non
1770 2403 1886 2476 habere
1903 2428 1969 2473 eum
1977 2402 2027 2469 mi·

729 2502 845 2587 litem,
871 2530 947 2577 cum
973 2529 1043 2577 non
1067 2500 1110 2574 ad
1136 2504 1408 2605 confligendum,
1433 2502 1486 2579 sed
1512 2502 1567 2577 sua
1590 2500 1803 2579 solummodo
1828 2498 2026 2574 vificatnmre

729 2609 835 2689 nerit,
862 2623 951 2677 tanto
977 2602 1102 2704 proelio
1126 2631 1260 2702 parem..
1281 2612 1466 2697 'serrarum
1505 2632 1651 2687 arcem,
1682 2610 1830 2705 primum
1866 2600 2026 2703 aggredien-

699 2710 702 2717 ’
731 2701 935 2786 dam,cu1n
962 2732 980 2777 e
1010 2702 1140 2803 plauitre
1166 2712 1356 2789 emineret,
1413 2707 1699 2806 inexpugnabilem
1738 2700 1840 2789 else„
1865 2729 1923 2775 uec
1954 2694 2027 2800 polle

684 2874 687 2881 .
730 2804 854 2879 tantillo
880 2812 1023 2879 exercitu
1049 2803 1265 2906 circumsepiri
1278 2838 1287 2878 :
1300 2828 1476 2899 ‚tormenta
1501 2813 1537 2879 in
1562 2834 1644 2878 earn·
1661 2828 1696 2879 rt
1721 2803 1944 2905 adigerentur,
1971 2800 2027 2871 fieri

730 2910 871 2979 omnino
893 2934 966 2979 non
989 2903 1104 3005 posse:
1128 2906 1261 3008 aggredi
1286 2934 1390 2990 reto,
1416 2930 1449 2981 et
1474 2932 1554 2981 arce
1573 2928 1688 2981 tentata
1712 2902 1849 3004 repelli,
1884 2908 2027 2977 Romans·

730 3032 807 3083 rum
831 3008 943 3080 robori
968 3034 1005 3079 ae
1031 3012 1160 3095 virtuti,
1185 3012 1274 3081 cuius
1295 3006 1383 3083 adeo
1408 3010 1571 3107 praeclara
1593 3007 1682 3099 sarna
1704 3005 1882 3079 inomnes
1914 2998 2026 3102 peruast

730 3108 854 3207 probro
881 3104 965 3191 else,
991 3107 1146 3204 Bulgaros
1171 3105 1364 3208 quiescentes
1390 3110 1431 3183 ad
1456 3110 1579 3209 proelia
1603 3095 1764 3198 concitare
1802 3110 1932 3182 minime
1966 3129 2026 3174 con·

730 3206 859 3287 ducere.
908 3212 1001 3281 Haec
1038 3214 1271 3307 imperatorem
1308 3211 1347 3284 ab
1382 3216 1628 3311 oppugnatione
1663 3210 1885 3305 retrahentes,
1916 3202 2027 3274 adduce

730 3308 808 3386 bant
831 3314 867 3379 in
891 3306 1049 3383 medium.
1099 3308 1310 3411 Palaeologus
1335 3308 1539 3385 Andronicus
1566 3337 1706 3409 magnus
1738 3306 1931 3385 domesticus
1961 3300 2026 3377 lusce

728 3413 890 3483 contrane
914 3414 1100 3507 imperatori
1128 3405 1320 3486 confidebat.
1372 3409 1582 3485 Tentandam
1608 3406 1671 3504 else
1697 3402 1864 3503 Senatum
1906 3432 2027 3489 arcem,

727 3536 770 3585 -ea
793 3513 902 3609 potitis
929 3510 1071 3583 multum
1097 3508 1174 3585 inde
1200 3511 1336 3585 utilitatis
1367 3510 1539 3596 futurum,
1575 3514 1668 3585 rebus
1709 3510 1924 3611 uulgarorum
1944 3511 2026 3603 magis

729 3638 770 3685 ae
795 3617 898 3712 magis
921 3607 1069 3703 afflic‘lis,
1095 3616 1150 3711 qui
1175 3610 1232 3685 isla
1256 3617 1383 3693 ratione
1408 3613 1605 3713 legationem
1633 3639 1694 3711 pro
1720 3638 1803 3710 pace
1836 3606 1966 3683 ineunda
1986 3631 2027 3677 et·

731 3708 870 3812 peditius
892 3710 1092 3795 admittent,
1117 3739 1194 3784 eum
1219 3740 1238 3785 a
1264 3712 1356 3787 nullo
1381 3739 1415 3786 re
1440 3734 1556 3798 antur,
1583 3709 1768 3786 et‘insantis
1794 3710 1976 3795 Michaelis,
1995 3730 2028 3777 er

732 3818 825 3888 Irene
848 3813 967 3915 Angeli
993 3810 1171 3886 Theodori
1196 3812 1261 3885 filia
1287 3810 1394 3886 Asano
1415 3742 1577 3914 suscepti,
1611 3810 1875 3887 dominationem
1904 3804 2027 3898 'subituri-

733 3910 836 4016 Qod
861 3910 887 3985 fi
913 3912 1074 3996 callrum,
1099 3918 1140 3986 ita
1166 3908 1292 3986 serente
1314 3911 1464 3999 fortuna,
1488 3918 1581 3991 nobis
1607 3940 1676 3987 non
1702 3910 1850 3996 cess'erit,·
1876 3904 2026 4010 quidinde

732 4018 965 4117 Ronmnorunt
987 4018 1129 4113 irnperio
1153 4012 1361 4089 incommodi
1380 4007 1573 4115 impendet?
1598 4043 1666 4088 reni
1681 4022 1828 4112 experti,
1850 4008 2027 4089 cessabimus,

731 4112 924 4215 rursumque
948 4120 1034 4187 viros
1059 4113 1100 4185 ad
1125 4117 1279 4216 bulgaros
1303 4114 1506 4215 legabimus,
1531 4119 1610 4217 qui,
1638 4118 1676 4188 ab
1689 4114 1837 4195 infante,
1864 4114 2028 4200 uenomine

735 4214 870 4317 quidem
891 4240 1022 4315 pugnae
1046 4210 1200 4301 conscio,
1224 4216 1415 4315 gubernati,
1440 4216 1654 4291 lubentissime
1677 4216 1788 4316 legatis
1821 4219 1961 4305 animum
1986 4204 2027 4279 ad·

733 4333 871 4401 uertens
923 4313 1065 4417 Qpilibet
1086 4340 1190 4400 vero,
1217 4321 1330 4417 qm'etis
1359 4317 1539 4393 commoda
1562 4318 1620 4393 fibi
1644 4312 1906 4417 repraesentans,
1932 4333 2028 4412 pacem

732 4433 881 4517 exoptat.

1328 4522 1358 4618 §-
1383 4545 1453 4615 29a
1841 4566 1844 4569 ⁴

835 4649 973 4745 Optime
996 4652 1150 4723 omnum
1175 4674 1336 4751 magnum
1363 4650 1579 4729 domesticum
1607 4644 1833 4733 consrduiist,
1865 4642 2029 4743 imperatori

732 4738 838 4821 visum
862 4746 932 4833 est,
960 4762 991 4821 et
1016 4747 1188 4823 adsertae
1213 4756 1298 4842 iter,
1323 4771 1359 4827 vt
1383 4774 1418 4827 vt
1440 4761 1570 4853 potuit,
1603 4749 1804 4855 ingreditur,
1835 4750 2028 4848 proximeque

728 4840 912 4934 accedat,
937 4851 1081 4925 tentoriis
1107 4850 1256 4941 ssrudtir,
1282 4854 1539 4945 casbametatur,
1564 4884 1638 4934 non
1662 4856 1842 4937 erocum,
1866 4838 2028 5016 rrribrug

772 5143 841 5211 248·
861 5128 907 5203 td.
926 5152 960 5222 ρ.
982 5096 1086 5212 4oset
1104 5154 1137 5221 p.
1155 5150 1212 5208 rsa..
1235 5147 1239 5153 ·
