4642 6992
1773 718 1777 725 .

1592 836 1600 845 ι
1856 836 1860 843 .

1906 879 1911 890 θ

1908 1060 1912 1067 .

1535 1096 1541 1107 “
1611 1106 1615 1113 ·
1717 1105 1723 1119 a

1790 1176 1794 1183 .

776 1204 977 1289 ontv'r
1004 1209 1109 1289 xxv.
1354 1197 1398 1231 ‘¹
1560 1218 1629 1311 ⁸79·

1630 1308 1733 1395 Impp.
1781 1322 1836 1372 toa

770 1432 799 1481 ε,
825 1412 865 1484 c·
894 1395 973 1504 13347
989 1371 1127 1507 4350·
1630 1411 1731 1459 nune
1762 1396 1835 1463 Par.
1860 1484 1864 1496 Ι
1978 1474 1981 1483 Ι

292 1548 406 1623 ‘linem
432 1548 597 1649 caPl‘l'lt’
622 1528 712 1647 quid
736 1550 872 1637 Persae,
898 1556 933 1623 in
958 1556 1024 1625 eius
1050 1571 1192 1651 regnum
1223 1542 1394 1651 inopinato
1424 1554 1580 1628 irruentes
1604 1494 1809 1635 'affine

295 1648 420 1723 cladem
446 1658 484 1725 ei.
508 1646 726 1751 grauiss‘mrprn
758 1654 938 1728 intulerant.
989 1652 1163 1725 incellebat
1195 1656 1283 1724 enim
1316 1651 1540 1748 Alexandrum
1570 1648 1619 1726 sn·

290 1750 419 1851 spicio,
446 1778 517 1825 non
542 1746 657 1851 suopte
681 1772 784 1838 nutu,
810 1750 863 1827 sed
890 1746 983 1827 millu
1019 1752 1397 1853 irnperatoris·irn1pille
1437 1756 1586 1829 barbaros
1609 1780 1622 1825 a

292 1880 377 1953 quae
402 1878 450 1925 res
474 1852 752 1927 vehenrentill'nne
777 1856 869 1929 illurn
896 1853 1076 1939 cruciabat,
1102 1860 1179 1953 qui,
1207 1882 1285 1927 cum
1310 1861 1339 1927 ei
1354 1857 1486 1948 ¹nullam
1511 1852 1622 1933 ansam

293 1952 421 2071 lpstitia
445 1952 654 2027 machinandi
677 1958 798 2055 praebu
809 1954 890 2041 sset,
915 1976 1050 2037 tamen,
1076 1976 1246 2029 contemto
1270 1954 1426 2041 loedere,
1450 1960 1489 2031 ab
1514 1984 1556 2033 eo
1567 1984 1623 2047 ve·⁴

291 2076 429 2129 xaretur.
653 2090 656 2097 ’

403 2152 500 2237 Milia
524 2159 622 2255 igitur
646 2154 832 2258 legatione,
857 2164 1002 2261 primum
1030 2157 1163 2257 quidem
1179 2152 1233 2229 ¹de
1256 2156 1442 2234 incurlione
1472 2163 1621 2237 barbaro·

296 2286 371 2336 rum
397 2252 581 2357 respondit,
609 2284 679 2331 non
706 2286 778 2331 eam
803 2251 857 2331 sua
883 2259 1048 2333 voluntate
1072 2258 1213 2341 faciam,
1237 2252 1292 2330 sed
1317 2254 1402 2359 ipsos
1426 2290 1485 2360 per
1508 2258 1620 2361 sepo·

294 2380 396 2433 tentes
422 2358 643 2457 cupiditatibus
667 2354 728 2433 suis
753 2386 885 2433 morem
913 2388 1037 2461 gerere.
1078 2363 1160 2434 Nec
1185 2381 1295 2432 tamen
1321 2365 1423 2459 magis
1448 2363 1622 2461 illudpro·

292 2484 365 2560 pter
391 2460 520 2533 illorum
547 2466 728 2559 potentiam
755 2468 909 2551 euenire,
936 2488 1036 2560 quam
1070 2462 1160 2563 quod
1192 2460 1322 2559 ipsimet
1353 2462 1460 2536 nolint
1491 2468 1631 2537 anantio.

291 2582 325 2635 et
350 2566 546 2661 appetitione
571 2588 681 2635 rerum
707 2562 882 2637 alienarum
910 2560 1113 2649 desilientes,
1140 2587 1201 2661 pro
1226 2562 1306 2634 virili
1319 2568 1429 2635 iuuare
1441 2587 1594 2639 nurtnum
1605 2554 1625 2649 ‚¹

223 2682 246 2691 ⁹
293 2683 327 2736 et
354 2672 504 2735 coercere
529 2662 701 2747 barbaros,
729 2662 819 2761 quod
845 2660 1113 2761 facile-pollent,
1139 2662 1165 2737 fi
1190 2658 1417 2759 conspirarent.
1450 2664 1621 2741 Etenimli

292 2763 402 2837 Crales
427 2782 550 2862 ereptas
577 2766 672 2835 vrber
692 2766 912 2837 'rellimere-
933 2761 1103 2849 voluiffet‚
1137 2761 1298 2855 non'srbi
1327 2758 1513 2839 locietatem
1551 2765 1621 2839 har·

290 2866 445 2939 batorum
472 2863 698 2965 requirendam
724 2861 889 2937 frtilse-—.
915 2862 1077 2939 Aduersus
1102 2866 1233 2939 Cralem
1260 2869 1355 2965 igitur
1381 2860 1426 2966 se¹
1444 2862 1621 2952 faciurum,

317 2964 383 3038 uod
408 2964 556 3065 inprimis⁴
579 2965 868 3040 commodaturum
895 2964 1060 3039 videatur:
1085 2966 1144 3065 ipsr
1168 2988 1281 3069 autern
1304 2962 1337 3039 se
1362 2968 1434 3039 lroc
1454 2967 1621 3042 darecon·
1689 2952 1705 2973 '

290 2994 374 3145 litii,
402 3075 448 3143 vti
471 3066 513 3139 ad
539 3068 708 3151 barbaros,
735 3074 770 3139 in
796 3071 977 3143 Thraciam
1003 3067 1094 3139 nullo
1120 3092 1210 3141 metu
1237 3063 1275 3139 ric
1298 3094 1362 3166 pro
1387 3067 1519 3143 libidine
1535 3074 1618 3143 traii-

290 3175 434 3251 cientes,
487 3168 685 3241 rohibendos
709 3162 817 3241 secum
845 3174 926 3242 vires
952 3174 1136 3265 coniungat.
1189 3174 1269 3242 Hoc
1293 3170 1364 3241 lieri
1389 3167 1501 3267 polle,
1526 3170 1618 3270 fipe·
1668 3170 1670 3175 ’

290 3278 404 3344 cuniae
430 3196 484 3343 acl
496 3290 683 3367 apparatum
709 3274 888 3341 triremium
916 3268 1103 3343 constitutae
1118 3270 1323 3368 pendantur:
1350 3268 1407 3341 fibi
1417 3272 1546 3346 nauales
1564 3288 1701 3361 co·414‘

277 3378 357 3475 ‘pias
383 3398 454 3443 non
479 3367 606 3460 deess'e3
635 3368 738 3445 deelle
763 3392 870 3443 autern
897 3376 1059 3469 pretium,
1086 3370 1173 3445 vnde
1197 3371 1347 3444 alimenta
1372 3372 1616 3471 prouideantnr:

291 3472 385 3575 quod
409 3472 434 3545 li
461 3472 512 3546 ille
537 3498 600 3571 pro
627 3470 775 3564 fac‘nltate
801 3492 937 3573 eroget,
963 3477 1118 3549 triremes,
1132 3478 1168 3544 in
1191 3468 1443 3573 Hellespontum
1458 3468 1635 3548 dedudlm

288 3603 387 3658 rum,
414 3600 520 3675 quae,
545 3599 615 3645 oras
640 3570 973 3677 praeternauigand0‚
998 3574 1148 3645 barbaros
1176 3580 1318 3647 traiicere
1341 3600 1381 3646 ac
1404 3602 1524 3649 nocere
1537 3603 1615 3651 con·

288 3682 405 3751 tinenti
430 3703 499 3747 non
525 3672 637 3747 linant.
684 3679 727 3746 Et
752 3678 818 3747 hoc
833 3672 951 3746 modo
978 3700 1093 3747 eorum
1120 3680 1307 3749 vexationes
1328 3675 1427 3749 licere
1457 3673 1612 3781 effugere

289 3776 391 3865 Quod
409 3775 442 3848 'st
467 3776 575 3850 Crales
601 3775 757 3875 praeliare
780 3772 813 3848 se
825 3776 1003 3853 ambobus,
1029 3777 1156 3877 qualern
1172 3775 1287 3857 decet,
1314 3779 1476 3859 noluerit,
1504 3782 1615 3871 (con-

288 3881 370 3953 ilare
396 3884 483 3950 enirn
509 3876 588 3959 fibi,
617 3904 692 3950 eum
719 3904 851 3977 quoque
878 3873 996 3949 laesum
1021 3880 1060 3951 ab
1078 3878 1134 3952 illo
1147 3876 1315 3980 grauiter)
1341 3876 1616 3981 lipraesenaenm

291 3986 388 4081 copia
413 3980 454 4051 ad
482 3978 629 4053 officium
657 4004 776 4077 cogere
799 3984 1003 4077 nequirent,
1027 4000 1104 4053 tunc
1129 4002 1161 4053 et
1192 3980 1402 4053 barbarorum
1442 4007 1507 4079 ope
1545 3977 1616 4055 vsu·

288 4110 370 4164 ros,
397 4084 524 4155 traietta
549 4106 664 4153 eorum
690 4083 879 4153 audlorimte
905 4100 991 4151 tanta
1025 4080 1263 4161 multitudiue,
1304 4103 1456 4181 quantam
1495 4078 1618 4155 ducere
1681 4080 1684 4094 '

292 4210 491 4285 quocunqne
517 4180 699 4263 roluerint:
726 4186 829 4253 etita
856 4186 889 4265 in
914 4180 1022 4253 holles
1047 4210 1168 4283 paucos
1196 4183 1355 4281 intrepide
1380 4182 1622 4309 failoinrpetuK

290 4292 336 4360 eis
360 4288 460 4360 uitam
483 4282 682 4359 ademturor.
731 4286 824 4359 Haec
848 4278 910 4357 fuit
934 4283 1101 4383 legationis
1126 4281 1289 4361 sententia

890 4488 920 4584 t·
946 4491 1024 4574 aar.
1084 4453 1096 4469 ‘

396 4576 481 4723 Regi
508 4624 691 4695 cohortatio
716 4626 919 4721 imperatoris
943 4618 1006 4695 visa
1031 4622 1076 4695 cll
1099 4620 1341 4705 conducibilis,
1377 4627 1489 4724 reique
1512 4640 1626 4725 gereni

296 4719 358 4795 dae
382 4716 571 4799 societatem
598 4726 709 4820 padlus
734 4725 788 4797 ell.
836 4728 955 4797 Euenit
980 4744 1088 4795 autem
1115 4722 1294 4823 quiddam,
1321 4723 1412 4819 quod
1437 4726 1532 4799 ei'ad
1559 4730 1629 4801 hoc
1723 4720 1732 4737 x

296 4825 560 4925 operis-animos
578 4822 719 4899 addidit.
768 4830 858 4903 Cum
887 4829 978 4899 enim
1002 4826 1169 4919 Trinobi,
1193 4827 1246 4903 vbi
1272 4820 1361 4902 seder
1394 4822 1463 4916 illi,
1499 4828 1628 4948 publiq·

336 5044 401 5109 414.
425 5026 466 5089 ld.
485 4988 571 5095 'ibids
588 5054 618 5118 p.
648 5034 715 5108 796.
1538 4929 1627 5017 hm}

296 5136 739 5219 Memor-DILPJI.
847 5136 1035 5233 ΤΗΝ
