4642 6992
726 1119 1169 1306 *carnuntum
1545 1196 1605 1290 a,

301 1380 542 1488 apetamus
565 1372 665 1468 eti'et,
689 1391 863 1484 pecuniam
888 1386 1061 1488 pollicitus.
1111 1382 1342 1466 Constantium
1365 1380 1460 1463 focile
1479 1384 1609 1491 persua·

297 1483 375 1572 tiss,
408 1513 488 1560 cum
510 1510 636 1585 magno
660 1490 861 1563 Taurorum
889 1496 1032 1563 exercitu
1062 1494 1099 1563 in
1124 1492 1306 1563 Thraciam
1330 1492 1465 1591 irrupit,
1499 1493 1605 1592 eaque

298 1589 445 1672 vastata,
466 1598 600 1665 Aenum
628 1588 742 1661 vrbem
756 1640 772 1673 ,
796 1592 852 1664 vbi
877 1590 1025 1685 Sultanus
1050 1589 1213 1692 degebat,
1238 1585 1368 1667 obsedit
1420 1588 1508 1667 vnde
1533 1612 1606 1669 tan·

298 1686 406 1772 dem,
441 1688 553 1761 dedito
577 1688 618 1761 ab
641 1690 757 1763 incolis
791 1692 953 1778 Sultano,
987 1712 1117 1793 pacatus
1149 1687 1291 1771 dtsccffic
1343 1696 1480 1769 Mortua
1512 1697 1608 1767 Con·

296 1790 429 1867 stautini
453 1796 595 1887 coniuge
618 1794 740 1873 Irene,
762 1792 910 1868 Michael
934 1794 1166 1895 Paiaeoiogue,
1193 1810 1228 1867 vt
1241 1791 1419 1893 Bulgarum
1444 1792 1503 1867 sibi
1522 1822 1605 1870 cone

295 1895 444 1973 eiliaret,
465 1896 628 1975 Mariam,
649 1887 771 1967 sororis
792 1889 866 1968 suae
888 1895 1046 1997 Eulogiae
1071 1894 1195 1977 filiam,
1221 1890 1282 1993 ipss
1308 1921 1335 1971 a.
1364 1900 1403 1969 C.
1429 1921 1512 1987 1270.
1539 1922 1603 1987 nur

293 2014 393 2097 ptum
418 1991 614 2075 coilocauit,
640 2013 674 2065 et
697 1992 815 2079 sunus,
838 1992 875 2071 se
895 1998 987 2071 urbes
1013 1986 1249 2072 Mesembriam
1270 2014 1303 2067 et
1325 1997 1549 2072 Anchialumi
1573 1995 1600 2073 fi

294 2095 508 2179 traditurum,
534 2092 694 2195 promisit.
743 2100 805 2169 His
830 2124 910 2172 vero
935 2094 1098 2198 promissio
1123 2124 1201 2170 cum
1228 2096 1339 2195 postea
1364 2096 1445 2171 stare
1471 2025 1598 2171 recusa·

294 2219 344 2272 ret
366 2202 417 2269 im
462 2216 572 2280 rator,
597 2215 631 2269 et
656 2200 764 2271 Maria
787 2220 951 2297 praeterea
974 2203 1153 2283 maritum,
1186 2216 1224 2272 vt
1247 2196 1365 2272 illatam
1400 2200 1439 2273 ab
1470 2196 1596 2279 eodem

294 2304 392 2384 matri
430 2324 492 2375 uae
512 2301 663 2371 iniuriam
687 2294 912 2384 ulcisceretur,
936 2296 1143 2375 sollicitaret:
1165 2296 1290 2375 beilum
1312 2302 1485 2377 Romanor
1510 2304 1597 2377 iuter

292 2426 332 2473 ac
354 2400 514 2500 Brugaroa
536 2418 732 2475 renouatum
754 2406 794 2472 iri
817 2398 993 2476 videbatur.
1043 2398 1107 2475 Sed
1129 2404 1336 2500 imperator,
1360 2396 1496 2493 foedere
1517 2428 1596 2477 cum

292 2505 418 2603 Noga,
441 2504 644 2573 Tatarorum
655 2506 822 2602 principe,
844 2500 1022 2603 percusso,
1047 2501 1224 2601 Bulgarum
1236 2527 1351 2601 paceua
1368 2500 1493 2577 seruare
1519 2512 1599 2577 coei-

289 2608 344 2703 git
398 2600 523 2699 Aliquo
555 2598 663 2703 elapso
693 2623 847 2703 tempore
875 2632 905 2677 a.
929 2610 971 2677 C.
986 2628 1082 2694 1277.
1106 2630 1152 2677 ne
1180 2602 1255 2679 titio
1276 2603 1461 2691 Michaeli,
1493 2628 1595 2702 quern

292 2704 512 2778 Constantino
534 2722 728 2802 pepererat,
753 2703 851 2781 vaide
873 2702 981 2779 adhuc
1004 2709 1142 2788 iuueni,
1166 2725 1260 2803 patre
1281 2702 1353 2780 stne
1375 2700 1432 2804 spe
1459 2700 1597 2781 decum-

291 2806 410 2890 bente,
442 2804 772 2902 aSphmtisthiabo,
804 2813 878 2880 viro
902 2814 983 2879 tunc
1006 2811 1093 2880 inter
1119 2804 1280 2907 Buigaroa
1307 2824 1523 2907 praepotente
1555 2832 1597 2879 ac

291 2902 453 3007 despota,
469 2904 694 2981 metuendum
718 2903 818 2991 effer,
854 2913 961 2983 Maria
984 2933 1089 2992 eum,
1117 2906 1197 3006 sumt
1218 2911 1287 2980 iam
1310 2910 1510 3007 prunedum
1542 2934 1595 2983 ae·

290 3027 375 3093 tate,
398 3006 598 3107 adoptauit,
621 3028 655 3082 et
676 3010 767 3081 breui
791 3010 868 3109 post
893 3006 1022 3110 perfide
1044 3007 1176 3085 occidit.
1224 3012 1305 3084 Hoc
1330 3029 1445 3083 nnoto
1471 3028 1594 3095 metu,

289 3136 420 3183 nouum
443 3136 596 3181 mmmm
627 3136 746 3209 agmen
775 3138 820 3184 cx
852 3106 1037 3211 improuiso
1069 3116 1169 3184 irruit.
1220 3108 1367 3185 Rusticus
1397 3114 1486 3183 euim
1520 3115 1591 3210 qui·

289 3208 363 3285 tiam
386 3229 430 3283 et
446 3207 595 3286 subulcus
618 3211 847 3311 Curiorubnr,
876 3212 954 3296 vel,
978 3230 1016 3285 vt
1039 3217 1154 3287 Graeci
1177 3213 1488 3317 ntepreubmtun
1523 3215 1596 3294 Lo.
1704 3287 1710 3294 ,

288 3314 406 3385 etam
431 3309 558 3395 diuus,
584 3318 664 3384 noui
690 3311 905 3387 constituendi
928 3311 1129 3413 principatus
1152 3310 1328 3387 confilium
1353 3318 1432 3385 iniit.
1471 3312 1592 3414 Quod,

290 3440 364 3487 aum
386 3409 511 3513 saepius
538 3416 604 3485 iam
628 3411 670 3485 de
692 3419 818 3489 haere
840 3421 923 3489 inter
947 3410 1072 3490 sodales
1107 3412 1180 3489 suros
1195 3410 1377 3489 ‚sturiones
1410 3412 1592 3499 habuisset,

290 3513 341 3588 tiie
363 3511 472 3589 subito
499 3511 592 3589 dieto
616 3510 746 3616 exsequi
771 3522 889 3617 coepit.
941 3519 1058 3589 Statim
1082 3513 1117 3590 se
1141 3511 1482 3616 ipfiadinuxerunt,
1505 3541 1592 3616 quoe

288 3614 345 3688 tibi
368 3620 437 3691 iam
463 3636 557 3689 antea
580 3617 831 3709 conciliauerat,
853 3616 987 3701 rustici,
1011 3618 1145 3701 etalii,
1170 3642 1255 3717 quos
1277 3613 1367 3690 saum
1391 3620 1501 3692 uiriin
1514 3615 1591 3691 Bul·

328 3744 446 3793 rorum
469 3715 625 3790 auxilium
651 3745 669 3789 a
694 3725 773 3793 Deo
797 3717 881 3793 miffi
905 3725 1124 3803 excitauerat,
1146 3721 1323 3791 innumeri.
1369 3716 1498 3795 idoneo
1517 3716 1588 3793 iam

286 3743 464 3894 {sociatim
489 3808 654 3892 Lachanna
678 3824 846 3903 exercitu,
871 3816 963 3892 ducis
986 3822 1133 3894 habitum
1157 3814 1227 3894 surm
1243 3842 1295 3905 rt,
1326 3839 1362 3893 et
1393 3846 1492 3922 quam
1515 3814 1590 3899 suia

288 3918 329 3994 de
350 3918 381 3997 se
405 3916 504 4020 spem
527 3916 671 4003 fecerat,
707 3948 778 3996 nou
807 3948 926 3996 vanam
952 3916 1075 4006 fuisse,
1106 3916 1256 4020 reipsa,
1294 3923 1385 3995 vittis
1421 3919 1587 4003 nonruullio

288 4024 511 4105 Taurorum,
536 4027 593 4123 qui
616 4044 696 4096 tuuc
715 4022 899 4123 Buigariam
921 4028 1062 4120 impune
1083 4022 1271 4113 vastabant,
1297 4028 1457 4107 carentis,
1480 4022 1589 4099 osteu-

177 4132 183 4143 “
244 4146 248 4153 ’
287 4120 338 4198 dit.
384 4124 515 4225 Bulgari
542 4152 619 4196 cnm
642 4128 708 4197 iam
734 4122 878 4225 undique
903 4121 945 4196 ad
968 4127 1154 4197 Lachanam
1188 4121 1391 4211 deficerent,
1421 4120 1585 4199 'Conssan-

286 4228 365 4300 tinus
387 4246 426 4301 vt
452 4225 685 4320 tyrannidem,
716 4232 805 4329 prins
827 4254 927 4328 quam
958 4230 1057 4299 nimis
1091 4224 1367 4318 confirmaretur,
1398 4222 1586 4329 dissiparet,

286 4346 508 4401 anua‘tontra
531 4330 716 4402 Inchauam
739 4333 839 4429 cepit.
865 4334 1002 4410 Atreu,
1024 4330 1143 4403 viribus
1167 4326 1271 4429 longe
1295 4325 1454 4411 inferior,
1484 4352 1583 4427 proc·
1732 4350 1735 4355 ’

285 4424 328 4500 lio
349 4434 432 4501 inito
458 4431 578 4528 virtue,
601 4450 635 4502 et
658 4456 678 4499 a
704 4451 847 4528 tyranno
873 4425 996 4503 occisus
1020 4430 1076 4503 eu.
1125 4436 1173 4503 Ita
1196 4450 1327 4530 apertae
1348 4426 1449 4529 piene
1471 4455 1507 4501 re
1534 4434 1583 4503 io·

285 4534 467 4630 nopotem
494 4556 717 4617 anciranus,
753 4530 795 4605 ad
819 4528 1007 4632 subigendas
1033 4531 1124 4605 urbes
1149 4530 1349 4620 conuersus,
1381 4526 1479 4602 solito
1507 4455 1580 4603 suc·

287 4628 364 4705 eeiiir
389 4658 483 4705 nnnc
507 4635 599 4717 hane*
616 4658 707 4703 nune
731 4632 820 4707 iliam
844 4637 880 4704 in
907 4632 1099 4731 potestatem
1125 4637 1257 4731 accepit
1311 4635 1440 4705 Harum
1468 4657 1583 4709 rerum

284 4738 401 4809 nuncio
427 4733 574 4807 maxime
597 4734 804 4807 conturbatus
831 4738 1034 4829 imperator,
1061 4730 1140 4832 quid
1167 4729 1303 4814 faceret,
1330 4728 1583 4814 dubiuuhaefit.

284 4835 365 4909 Eum
388 4840 425 4908 in
451 4832 640 4908 affinitatem
666 4836 809 4934 recipere
833 4837 1019 4935 cogitabam
1045 4828 1100 4907 sed
1124 4835 1193 4907 hoc
1217 4834 1344 4907 abiec‘io
1368 4830 1480 4930 possea
1504 4846 1585 4907 con·

285 4926 373 5019 filio,
406 4940 583 5029 Mytzae,
602 4934 684 5009 olim
720 4937 937 5038 Buigarorum
969 4939 1075 5035 regis,
1107 4934 1212 5010 fliium
1243 4941 1404 5013 Ioannem
1437 4927 1582 5011 Asanem

286 5039 428 5131 auxilio,
461 5039 575 5138 quibua
600 5041 628 5109 ir
653 5056 827 5135 paternum
851 5055 1054 5137 recuperaret
1084 5062 1249 5139 regnum,
1283 5042 1395 5109 iuuare
1425 5032 1583 5111 decreuit.

284 5134 374 5217 itm
395 5144 505 5243 itaque
526 5166 550 5214 e
567 5141 918 5245 Troicisregionibm
952 5135 1165 5218 aduocamm'
1180 5166 1341 5243 generum
1364 5136 1485 5222 smmi,
1506 5137 1582 5214 fita
1674 5228 1679 5233 Ι
1773 5218 1779 5228 ,

825 5230 998 5331 ulli
1485 5236 1581 5315 irene
