4642 6992
1102 1170 1614 1297 srnrcurcouvu

1254 1446 1282 1491 a.
1309 1420 1349 1489 C.
1375 1414 1466 1502 1462

691 1565 850 1637 continuo
875 1578 1068 1633 renitentes,
1118 1552 1189 1657 lpl'e
1214 1580 1293 1629 vero
1319 1553 1408 1625 redla
1434 1548 1571 1623 ducebat
1595 1568 1709 1624 conus
1738 1548 1865 1655 Nigrae
1893 1550 2018 1657 Pogda·

692 1670 766 1740 niae
790 1663 983 1762 principem.
1043 1769 1048 1775 A
1308 1752 1413 1849 ΜΨ

790 1887 961 1963 Exercitus
984 1903 1092 1957 autem
1118 1876 1229 1963 Bladi,
1253 1906 1330 1951 cum
1357 1876 1422 1979 ipse
1448 1874 1592 1963 abiill'et,
1618 1878 1705 1955 abitu
1732 1882 1887 1980 principis
1906 1877 2018 1958 edmo-

693 1990 776 2066 dum
800 1987 982 2091 gaudebat:
1008 2008 1041 2059 et
1063 1986 1150 2057 redia
1182 1986 1321 2080 pergens
1357 1986 1390 2052 in
1421 1981 1572 2059 hollem,
1608 1984 1760 2079 putabant
1792 1976 1826 2055 se
1863 2008 2019 2085 magnam
2141 2024 2142 2055 r

692 2092 834 2195 gloriam
857 2096 1067 2167 inuenturos,
1093 2083 1118 2156 sr
1144 2082 1273 2157 hollem
1299 2078 1401 2155 subito
1424 2076 1656 2181 oppressiss'ent
1710 2086 1799 2155 Cum
1815 2088 1956 2156 nuncius
1968 2113 2020 2159 re·

692 2192 786 2270 nilset
807 2190 849 2263 ad
873 2188 1008 2289 vigilum
1034 2186 1225 2265 stationem,
1250 2208 1333 2283 quae
1359 2184 1400 2255 ibi
1426 2202 1514 2269 erat,
1540 2180 1731 2274 indicabat,
1762 2184 1873 2257 holles
1904 2185 2021 2261 aduen-

578 2304 583 2309 ’
694 2314 770 2369 tare.
820 2290 936 2391 singuli
962 2292 1081 2387 igitur,
1109 2308 1233 2383 praeter
1258 2282 1341 2384 regis
1367 2288 1499 2367 laurras,
1524 2281 1565 2356 ad
1595 2310 1686 2357 artua
1710 2283 1928 2383 profiliebant.
1953 2296 2022 2361 Ma·
2142 2300 2143 2303 ’

697 2400 865 2469 chumutes
893 2394 1054 2488 praecepit
1076 2383 1240 2484 losepho,
1264 2406 1299 2457 vt
1321 2382 1517 2487 praecedens
1542 2384 1671 2460 hostem
1701 2382 1740 2458 ad
1770 2388 1938 2487 proelium
1966 2390 2022 2467 eli-
2142 2384 2143 2387 ¹

628 2480 767 2571 &esan
816 2494 1046 2568 Machumutes
1071 2487 1204 2590 quidem
1231 2514 1309 2559 cum
1334 2482 1481 2561 vniuerso
1508 2492 1649 2561 exercitu
1673 2492 1828 2563 inarmis
1855 2510 1933 2567 emt.

796 2646 952 2756 Iosephus
976 2656 1031 2729 rbi
1055 2660 1146 2728 venit
1170 2652 1211 2727 ad
1236 2653 1384 2737 hollem,
1415 2658 1573 2727 continuo
1605 2654 1708 2726 vichrs
1738 2652 1807 2727 ell:
1832 2674 1867 2729 et
1895 2652 2021 2753 fugient
2143 2664 2144 2673 ’

694 2755 862 2835 festinabat
886 2762 921 2831 in
946 2757 1045 2828 callra
1065 2760 1162 2856 regis.
1215 2760 1375 2837 Omeros,
1402 2754 1587 2828 Turnhanis
1612 2754 1717 2837 filius,
1744 2760 1800 2855 qui
1826 2777 1861 2829 et
1885 2752 1950 2855 ipse
1970 2782 2020 2829 or·

696 2858 822 2935 dinatus
846 2880 914 2933 erat
938 2858 977 2929 ab
1002 2860 1239 2933 Machumute‚
1267 2878 1302 2935 vt
1327 2860 1476 2928 cominus
1502 2878 1698 2955 pugnaretur
1722 2882 1800 2929 cum
1826 2856 1946 2939 holle,
1978 2851 2020 2932 ad

694 2988 844 3065 pugnam
869 2954 1096 3058 proficiscens,
1122 2962 1263 3029 occurrit
1287 2952 1427 3055 losepho
1454 2954 1615 3056 fugienti,
1641 2982 1783 3057 eumque
1803 2953 2021 3057 blaspbeman-
2144 3020 2145 3023 ,

697 3062 743 3137 do
769 3084 801 3137 et
825 3058 1053 3135 maledicendo
1079 3056 1125 3131 fic
1149 3058 1342 3157 alloquitur:
1358 3110 1380 3141 „
1406 3062 1437 3131 0
1464 3055 1581 3139 miser,
1608 3085 1674 3159 quo
1702 3060 1791 3131 abis?
1816 3088 1859 3132 an
1893 3065 2019 3161 ignoras

697 3190 836 3267 regem,
861 3158 1036 3263 quomodo
1060 3156 1300 3260 refugientem
1325 3156 1365 3232 lit
1391 3162 1607 3257 excepturus?
1632 3166 1757 3233 Annon
1782 3160 2018 3261 ignominiofis·

698 3267 800 3347 Bonae
823 3268 924 3339 morri
946 3284 980 3337 te
1002 3258 1127 3347 uades,
1150 3264 1205 3337 vbi
1230 3280 1263 3337 te
1287 3256 1400 3361 sugam
1426 3256 1525 3335 iniisse
1548 3256 1706 3335 senserit?
1740 3266 1803 3335 His
1837 3262 1930 3335 diuis
1964 3266 2021 3335 bo·

700 3375 827 3445 minem
853 3370 1060 3447 commouit,
1084 3384 1119 3439 vt
1144 3358 1315 3437 conuersus
1343 3390 1404 3434 vna
1430 3390 1517 3436 cum¹
1532 3368 1656 3436 Ornare
1681 3366 1868 3437 Turchanis
1892 3364 2020 3437 filiore-

700 3470 782 3549 diret
808 3475 842 3542 in
868 3466 1028 3567 proelium
1039 3518 1053 3566 ,
1073 3486 1111 3541 ,et
1128 3486 1295 3567 pugnaret
1319 3458 1497 3541 fortissime.
1546 3468 1620 3537 Nec
1644 3464 1749 3539 multo
1774 3466 1850 3565 poll
1869 3468 2020 3539 Dacosin

700 3570 818 3671 sugam
856 3564 973 3643 effusos
1006 3564 1229 3669 persequentes
1247 3574 1266 3653 ,¹
1299 3561 1488 3640 occiderunt
1519 3566 1700 3666 plurimos,
1735 3568 1815 3641 nulli
1851 3590 2020 3667 parcentes

701 3671 796 3751 Caesi
820 3666 893 3744 sunt
918 3676 1041 3743 circiter
1067 3672 1112 3742 bis
1136 3668 1235 3745 mille.
1276 3664 1495 3772 ,Praefigeutes
1521 3688 1631 3743 autem
1657 3672 1764 3743 Turci
1777 3670 1892 3743 'hallis
1925 3674 2019 3769 capita
2146 3718 2147 3721 =

701 3781 899 3855 Dacorum,
925 3770 1042 3845 reuersi
1067 3766 1138 3845 srmt
1169 3766 1211 3843 ad
1236 3798 1357 3871 regem.
1413 3780 1571 3845 Omarem
1598 3796 1654 3844 rex
1680 3768 1817 3844 donauit
1842 3768 2019 3846 Thessaliae

592 3958 597 3963 ,
702 3880 893 3981 principatu.
942 3872 1089 3947 Mazules
1115 3898 1224 3948 autem
1240 3866 1359 3945 'adhuc
1385 3868 1567 3974 supererat,
1594 3894 1625 3945 et
1656 3866 1846 3973 sequebatur
1878 3902 2017 3977 regem,

704 3978 825 4053 ducens
851 3980 935 4048 viros
958 3972 1154 4047 fortiss'unos.
1207 3978 1375 4047 Dacorum
1401 3972 1553 4057 audacia,
1580 3976 1635 4073 qui
1665 3970 1842 4050 secundam
1873 3982 1909 4049 in
1938 3981 2017 4079 regis

704 4081 804 4157 castra
827 4080 1040 4176 struprionem
1064 4072 1231 4159 secernit,
1255 4078 1345 4148 hunc
1371 4096 1524 4150 euentum
1549 4070 1655 4149 sortita
1679 4074 1733 4148 ell.

1334 4280 1421 4350 .60.

806 4384 881 4455 Rex
907 4400 948 4447 ex
971 4377 1142 4447 Dacomm
1167 4380 1301 4475 regione
1312 4278 1566 4477 §rnaucipiorum
1592 4372 1724 4475 praedas
1747 4376 2019 4476 agebatnonmo-

703 4480 799 4557 dicas.
848 4481 937 4549 Nam
963 4470 1104 4547 immillo
1130 4483 1293 4575 equitatu,
1320 4486 1460 4579 regionis
1484 4500 1610 4578 partem
1633 4480 1840 4576 percurrebat
1864 4504 1935 4549 non
1954 4503 2019 4549 mo·

704 4582 821 4657 dicam.
874 4582 1004 4677 Equites
1029 4584 1190 4676 capientes
1215 4584 1374 4678 mancipia
1399 4582 1559 4679 plurima,
1592 4584 1749 4653 maximas
1781 4576 1838 4653 fibi
1873 4604 2019 4677 peperere

706 4710 809 4783 opem
835 4684 930 4751 etiam
957 4683 1099 4751 iumenta
1126 4678 1264 4777 plurima
1289 4686 1373 4755 nadli
1400 4680 1478 4755 sunt.
1529 4685 1695 4754 Exercitus
1721 4686 1826 4781 regis,
1851 4707 1950 4780 agens
1979 4676 2020 4751 sl·

702 4776 765 4861 tra'
786 4784 896 4879 viginti
923 4778 1085 4873 myriades
1111 4806 1271 4879 equorum
1298 4805 1329 4853 et
1353 4784 1479 4865 boum,
1499 4787 1586 4854 venit
1609 4778 1649 4853 ad
1675 4782 1799 4877 illrum.
1844 4782 1953 4855 Castra
1976 4804 2017 4850 re·
2145 4792 2147 4815 “

702 4892 758 4991 gia
781 4884 937 4957 terrebant
960 4886 1093 4969 Dacos,
1118 4888 1266 4982 quamuis
1292 4910 1449 4986 magnam
1474 4880 1642 4962 audaciam
1666 4884 1870 4961 ostentantes
1920 4882 2017 4957 Turcs'

1122 5032 1131 5041 ,
1554 5010 1570 5039 ο
1970 5006 2019 5054 ω.

744 5196 791 5261 ⁴8·
815 5196 1062 5252 cumcocoun.
1088 5202 1117 5268 p.
1141 5202 1207 5265 ²74·
