4642 6992
697 1238 701 1243 .
747 1204 814 1288 ‚93
842 1142 860 1189 ³
1180 1140 1603 1291 sanvrconvu

449 1371 453 1381 Ι
533 1297 741 1387 [supp-IOAN·
787 1372 793 1381 ι

536 1403 584 1449 ua
616 1386 687 1453 Pal.
1239 1408 1267 1457 a.
1291 1386 1331 1457 C.
1356 1391 1567 1483 1348*1357·'

536 1486 678 1627 affin
754 1484 880 1593 initos:
916 1509 1095 1591 etidcirco
1120 1503 1253 1582 suadere
1279 1504 1346 1587 illi,
1381 1532 1424 1577 ne
1445 1500 1480 1578 se
1504 1504 1600 1575 armis
1629 1502 1738 1599 potins
1770 1519 1910 1603 cogere,
1944 1522 2040 1599 quam

654 1602 664 1621 ’
753 1626 911 1720 aequitate
935 1620 1035 1689 animi
1067 1632 1100 1687 et
1123 1611 1251 1684 lenitate
1287 1606 1412 1681 allicere
1445 1624 1591 1696 conenit.
1645 1608 1699 1675 Sic
1734 1628 1811 1675 cum
1845 1623 2040 1702 utrumque,

675 1724 680 1727 ’
750 1723 887 1794 altemm
912 1746 971 1821 per
995 1715 1156 1800 alterum,
1180 1710 1382 1816 repulerint,
1396 1707 1470 1821 ¹ipsi
1496 1708 1658 1807 ciuiutetu
1682 1701 1740 1779 libi
1765 1702 1957 1791 vendicare,
1992 1732 2041 1779 ee·

751 1850 816 1929 que
840 1819 915 1896 frui.
1344 1912 1375 2013 §.
1400 1936 1464 2005 m
1558 1954 1562 1963 Ι
1679 1904 1684 1920 ¹

611 2066 719 2164 3176.
738 2152 742 2157 ³
823 2143 826 2149 ,
863 2067 1100 2163 [ruaaaaroa
1127 2068 1373 2139 Cantacuzenus
1398 2060 1479 2137 dum
1494 2060 1536 2135 de
1548 2056 1726 2135 monastica
1738 2060 1804 2133 vita
1820 2054 2041 2167 amplet‘lenda

723 2165 885 2241 ·cousdia
915 2172 1054 2267 agitat];
1088 2166 1210 2240 litterae
1239 2163 1472 2241 Thessalonica
1506 2192 1584 2237 cum
1618 2162 1757 2233 aliorum
1792 2164 1939 2243 ciuium,
1972 2182 2041 2237 tum

703 2266 715 2284 ’
748 2272 952 2348 Metocbitae
976 2262 1183 2366 protosebassi
1209 2265 1414 2350 redduntur,
1439 2268 1552 2367 quibus
1562 2264 1796 2362 -rogabatur,
1824 2279 1859 2333 vt
1883 2282 2039 2361 quantum

749 2368 877 2474 posset,
911 2389 944 2443 et
968 2366 1101 2469 quidem
1141 2374 1411 2469 quamprimum,
1444 2369 1514 2443 urbi
1541 2360 1756 2454 {considerem
1789 2388 1854 2436 neu
1884 2380 2042 2463 pateretur

749 2479 861 2577 primo
888 2496 1020 2571 quoque
1044 2490 1195 2570 tempore
1221 2468 1277 2545 sub
1294 2469 1444 2546 Triballis
1468 2468 1636 2549 firnrram,
1662 2462 1722 2537 nili
1748 2458 1968 2558 succurreret,
1991 2491 2041 2541 ne·
2085 2474 2090 2481 '

752 2601 797 2651 ue
820 2578 1013 2653 Romanurn
1038 2576 1214 2675 imperium
1239 2572 1341 2649 altero
1369 2570 1467 2651 oculo
1493 2572 1613 2675 priuati
1634 2562 1808 2641 sullineret.
1921 2580 1923 2587 “

1337 2769 1371 2865 §.
1397 2790 1459 2856 213.

656 2943 720 3017 177·
812 2936 819 2943 ·
861 2901 1056 2995 [enotatas
1081 2896 1317 2998 Palaeologus‚
1350 2926 1431 2975 vaus
1457 2924 1477 2971 e
1501 2892 1699 2996 principibus
1724 2888 1976 2973 Thessalonicae
1998 2897 2040 2971 vi·

751 3001 822 3083 ris,
848 3028 926 3075 crim
952 3006 1038 3073 ciues
1063 3006 1097 3072 in
1123 2996 1154 3073 se
1180 2996 1398 3101 conspirantes
1422 2995 1743 3087 animaduerterat,]
1762 2993 1941 3069 confestim·
1953 3000 2047 3071 rebus
2153 3060 2154 3077 t

752 3092 983 3186 subdidistis,
1016 3096 1064 3173 ad'
1084 3102 1240 3187 Cralem,
1276 3099 1352 3176 inde
1387 3100 1498 3201 postea
1532 3094 1574 3169 ad
1598 3092 1744 3195 laudium
1774 3118 1926 3197 montem
1955 3102 2041 3174 Atho
2153 3086 2154 3109 ¹

751 3207 850 3275 venit.
901 3204 1032 3279 Zelotae
1057 3231 1135 3276 curn
1160 3201 1324 3303 populum
1350 3202 1487 3303 amplius
1512 3203 1676 3273 concitare
1706 3224 1778 3275 non
1802 3198 1953 3299 pollent,
1983 3224 2042 3275 nee

752 3298 892 3378 diuitum
918 3304 1013 3378 aedes
1038 3304 1199 3406 diripere,
1225 3304 1346 3378 abiec'la
1372 3300 1531 3405 persona,
1558 3326 1621 3401 qua
1647 3296 1678 3372 se
1703 3328 1765 3401 pro
1793 3306 1923 3376 iuniore
1945 3310 2041 3403 impe«

752 3424 860 3479 ratore
887 3404 1085 3482 contendere
1109 3404 1324 3491 simulabant,
1349 3427 1392 3489 vt,
1409 3411 1516 3480 ciuitas
1542 3402 1694 3475 Triballis
1744 3400 1938 3489 roderetur,
1960 3406 2046 3479 labo·

751 3528 874 3581 rarunts
924 3508 1033 3583 Csales
1061 3514 1150 3582 enim
1177 3510 1220 3581 ob
1246 3506 1279 3580 id
1305 3506 1464 3609 grandem
1489 3508 1663 3607 pecuniam
1691 3430 1896 3589 effundebat,
1918 3505 2042 3607 grandi·

753 3634 849 3685 orem
876 3610 1105 3709 promittebat:
1140 3614 1272 3694 homo,
1307 3613 1363 3709 qui
1390 3614 1486 3683 etiam
1516 3604 1641 3705 ,alioqui
1674 3631 1714 3677 ex
1747 3606 1969 3709 largitionibus
1999 3604 2041 3681 sa

754 3738 847 3785 marn
872 3718 1091 3811 aucuparetur.
1142 3698 1375 3784 Verfflnnihil
1402 3730 1489 3793 erat,
1524 3704 1615 3808 quod
1648 3712 1677 3779 ei
1712 3734 1789 3806 prae
1815 3708 2042 3784 'Ibessalonica

754 3838 827 3887 non
851 3806 1017 3886 sorderet:
1048 3839 1147 3912 quam
1175 3810 1201 3884 fi
1227 3804 1431 3912 occupasset,
1462 3804 1655 3908 mensam.
1673 3804 1704 3881 se
1729 3806 1955 3905 refedlutum,
1983 3838 2042 3887 nee

753 3910 904 4015 pusillam
928 3918 1073 3987 Romani
1098 3918 1225 4013 imperii
1251 3936 1397 4015 partem,
1420 3934 1486 3986 tam
1512 3906 1644 4009 spatiosa
1671 3912 1747 3985 v'rbe
1771 3910 1810 3985 ad
1824 3934 1965 3987 caeteros
1978 3900 2041 3991 ia'm
2152 3988 2153 3993 ,

754 4037 830 4089 ante
856 4037 1026 4115 occupatas
1050 4013 1226 4099 adirmtla,
1251 4018 1435 4088 habitururn
1460 4008 1583 4085 sciebat.
1633 4017 1744 4112 ltaque
1793 4012 1908 4087 rofiffis
1922 4013 2042 4092 donati·

755 4118 930 4191 onibus-et
954 4118 1079 4191 Zelotas
1104 4138 1136 4189 et
1158 4144 1219 4215 per
1243 4116 1314 4190 illos
1341 4142 1412 4189 non
1436 4142 1557 4215 pancos
1585 4118 1670 4185 ciues
1696 4113 1737 4187 ad
1763 4042 1795 4189 le
1820 4114 1986 4205 traduxit,
2007 4133 2042 4193 at

755 4224 853 4293 etiam
878 4217 984 4317 palam
1010 4218 1208 4303 affirmaret,
1233 4218 1374 4292 iusle'ac
1398 4222 1517 4291 merito
1541 4212 1582 4287 ad
1608 4210 1640 4286 se
1667 4213 1812 4301 tranliri,
1840 4226 1919 4319 qui,
1946 4213 2041 4319 quanss

756 4316 804 4392 do
831 4338 937 4393 totam
963 4325 1168 4419 prouinciam
1196 4320 1353 4393 obtineret
1365 4367 1385 4412 ,-
1409 4320 1521 4394 vrbem
1550 4314 1696 4391 oblidere
1720 4338 1752 4390 et
1776 4316 1966 4394 detrimenta
1998 4328 2043 4393 in·

755 4416 842 4494 ferre
867 4448 966 4528 qtram
992 4420 1176 4525 grauissima
1197 4420 1323 4523 pollet,
1349 4440 1399 4508 et,
1424 4416 1450 4494 fi
1474 4416 1507 4495 se
1532 4416 1712 4505 dederent,
1743 4419 1804 4495 illia
1829 4419 2041 4519 conrmodare

754 4520 861 4599 uellet.
1360 4529 1363 4535 ’

867 4622 991 4725 Qibus
1015 4622 1238 4699 conditionem
1264 4626 1497 4709 reficientibus,
1534 4622 1646 4698 vrbem
1674 4620 1798 4706 cinxit,
1828 4644 1924 4724 atque
1955 4620 2039 4699 obse·

753 4718 810 4819 tlt.
862 4722 963 4824 Qod
987 4754 1063 4799 cum
1089 4724 1322 4825 protosebaslus
1351 4732 1493 4802 et‘ciues
1519 4727 1751 4799 Romanomm
1776 4724 1910 4800 studiosi
1935 4754 2040 4801 cerne

752 4845 848 4907 rent,
877 4852 984 4924 neque
1007 4825 1226 4927 proditoribus
1277 4830 1436 4902 raesulere
1466 4846 1638 4927 poteraut,
1713 4844 1808 4924 optet
1832 4834 1928 4912 uim,
1959 4854 2043 4930 quae
2151 4870 2152 4885 ι

752 4920 831 4999 foris
857 4924 1010 5013 iullabat,
1038 4934 1140 5025 (eum
1165 4958 1221 5029 pra
1254 4936 1346 5002 ertim
1373 4950 1405 5003 et
1430 4928 1569 5028 populus
1595 4926 1665 5001 obst
1690 4934 1800 5003 'onem
1817 4957 1911 5030 aegre
1925 4926 2039 5017 suetae
2151 4988 2152 4995 ,

750 5026 905 5115 Triballis
930 5023 1038 5104 subiici
1061 5026 1136 5106 fore
1159 5031 1253 5107 malis
1274 5031 1399 5109 liberari
1421 5032 1566 5133 putaret)
1597 5056 1705 5131 neque
1732 5050 1799 5105 tam
1823 5034 1964 5135 amplam
1991 5062 2040 5109 vr.

1967 5136 2043 5215 bem

793 5236 855 5311 176.
877 5231 921 5297 ta
942 5232 1018 5299 ibid.
1038 5250 1070 5356 pl.
1093 5234 1164 5315 764.
1195 5188 1201 5195 ο
1467 5248 1532 5317 ¹77·
1554 5232 1596 5297 ld
1618 5234 1692 5302 ibid.
1717 5256 1751 5323 p.
1772 5238 1839 5319 πᾶς.
