4642 6992
821 1181 1104 1273 (3ΑΡΨ1ἾΒι
1570 1190 1632 1283 961

716 1318 732 1334 ⁶
794 1388 1211 1613 negor-ww

932 1540 996 1606 .7.
1059 1576 1130 1591 ,.

370 1626 438 1718 'ln
462 1638 547 1716 banc
571 1663 652 1715 veto
677 1636 721 1714 illi
746 1638 860 1716 urbem
883 1668 947 1714 nec
969 1638 1039 1715 line
1066 1666 1120 1716 ma
1168 1661 1190 1713 o
1213 1636 1324 1716 labore
1348 1624 1556 1727 concedunt,
1583 1662 1634 1717 at·

295 1770 364 1847 que
389 1743 503 1820 Balilio
529 1740 731 1825 Macedoni,
755 1762 834 1816 tunc
858 1746 1089 1817 Romanorum
1113 1664 1236 1843 dipem
1259 1742 1443 1819 moderanti
1460 1740 1490 1820 se
1509 1744 1632 1837 filiunt,

207 1872 211 1882 '
298 1847 426 1949 ipiique
449 1847 529 1921 tanti
551 1840 685 1944 suscepti
708 1848 826 1919 itineris
852 1839 1205 1919 cattsam'renunciaut.
1254 1852 1285 1923 Is
1309 1874 1388 1923 vero
1415 1852 1536 1949 ingenti
1556 1872 1633 1946 gau·

300 1951 360 2024 dio
385 1955 447 2024 hor
471 1948 659 2045 excipiens,
681 1972 766 2017 mox
790 1948 900 2020 ‘viros
923 1944 984 2019 illie
1009 1945 1151 2021 eruditos
1182 1964 1214 2019 et
1243 1948 1423 2051 praeclaros
1455 1952 1487 2019 8)
1523 1946 1635 2025 edim·

301 2059 374 2155 git,
400 2054 456 2151 qui
483 2052 595 2121 omnia
620 2051 656 2119 in
680 2046 759 2121 vrbe
809 2046 1003 2122 ulcherrima
1028 2048 1270 2137 monstrarent,
1296 2056 1416 2153 quique
1441 2070 1556 2155 rogata
1575 2076 1633 2129 eo·

302 2182 380 2231 rum
402 2153 491 2227 relic
513 2148 690 2249 intelligere
712 2073 806 2249 pollP

786 2169 866 2235 ent,
891 2154 1008 2251 hiisque
1031 2145 1216 2224 satisfacere.

405 2339 456 2411 Hi
481 2341 600 2406 autem*
615 2358 693 2405 curn
717 2330 818 2403 multa
842 2300 918 2431 ipsis
942 2333 978 2401 in
1003 2332 1083 2407 vrbe
1107 2327 1289 2435 spedlaculo
1303 2329 1637 2435 dignaollendisl'ent,

284 2443 340 2513 'in
366 2432 643 2512 celebratillrmum
666 2430 748 2507 illud
778 2458 936 2532 magnum
961 2458 1003 2505 ue
1033 2428 1158 2509 santiae
1188 2436 1331 2531 Sophiae
1366 2436 1527 2537 templum
1561 2460 1639 2512 eum

306 2534 381 2641 iplis
404 2536 533 2639 iugrelli
557 2533 640 2609 sune
688 2540 822 2630 Atque,
846 2554 882 2606 vt
906 2458 1008 2634 vulgo
1029 2531 1157 2615 fertur,
1187 2554 1260 2607 turn
1296 2560 1416 2633 magna
1453 2533 1639 2612 solemnitas

1647 1285 1729 1371 Imp.
1755 1304 1847 1357 rner-
1944 1344 1949 1361 ,

1648 1389 1708 1439 uo
1725 1374 1845 1443 illaad

306 2640 544 2716 celebrabatur,
569 2634 639 2710 line
661 2640 695 2709 S.
719 2632 968 2729 Chrysollomi,
994 2632 1063 2710 liue
1086 2638 1301 2711 Domaitionic
1325 2630 1535 2711 sanc‘lilsrmae
1564 2642 1640 2713 Ma·
1697 2646 1703 2659 “

308 2748 364 2819 tris
386 2743 525 2817 Domini
549 2742 641 2826 mei3
664 2736 700 2811 id
726 2763 806 2811 vero
828 2760 901 2809 uon
929 2759 1019 2811 certo
1045 2733 1153 2812 dicere
1179 2736 1271 2812 valeo
1281 2760 1301 2809 τ’
1318 2763 1434 2811 verum
1460 2758 1569 2811 tamen
1582 2737 1640 2825 eli,

308 2865 390 2920 tunc
414 2838 505 2915 luille
528 2835 708 2915 mirabilem
732 2863 953 2938 magnamque
977 2836 1202 2915 celebritatem.
1253 2842 1403 2941 Qatuor
1426 2864 1528 2938 porro
1554 2844 1614 2913 viri
1628 2888 1656 2922 ,«

310 2950 471 3048 quicum
496 2942 682 3041 proceribus
708 2940 823 3013 nostris
845 2959 959 3023 erent,
985 2962 1092 3013 toturn
1114 2936 1274 3040 templum
1309 2936 1644 3041 circumspexerunt,

309 3073 377 3122 nec
398 3072 471 3118 non
491 3068 576 3142 quae
588 3038 629 3114 ad
642 3040 856 3115 celebritatem
868 3037 1080 3141 spedlabanr:
1101 3042 1291 3140 luminaque
1304 3064 1493 3125 cernentes,
1517 3046 1557 3116 ai
1570 3068 1644 3135 cau·

313 3154 456 3227 ticorum
480 3138 658 3217 melodiam
688 3141 887 3227 audientes,
921 3140 1090 3242 llupebatrt
1115 3146 1243 3217 attoniti
1303 3148 1394 3219 Cum
1426 3145 1494 3219 istic
1536 3164 1646 3219 autem

313 3246 487 3347 vespertini
509 3263 544 3319 et
566 3246 717 3322 matutini
750 3246 871 3337 hymni
902 3262 1054 3341 tempore
1086 3243 1267 3335 vestirent,
1297 3246 1464 3347 multaque
1497 3240 1648 3321 dixissent

314 3343 593 3447 audiuiffentque,
618 3343 743 3419 accedit
767 3341 872 3419 sacrae
894 3364 930 3417 et
951 3344 1084 3419 diuinae
1108 3346 1256 3449 liturgiae
1286 3365 1444 3447 tempus:
1475 3342 1649 3447 rursusque

312 3446 436 3543 laudati
458 3453 520 3523 uiri
553 3472 631 3521 eum
657 3448 843 3547 proceribus
867 3442 926 3519 illis
950 3447 990 3519 ab
1013 3452 1211 3545 imperatore
1234 3444 1334 3523 millis
1359 3454 1395 3523 in
1424 3446 1650 3525 venerandum

315 3557 501 3630 maximum
526 3549 689 3652 templum
711 3547 962 3651 ingrediuntur,
987 3566 1022 3625 rt
1041 3554 1203 3629 incruenti
1228 3569 1261 3625 et
1287 3545 1387 3627 diuini
1411 3550 1557 3649 mysterii
1580 3546 1651 3655 spei
1693 3602 1703 3619 ,

317 3654 458 3732 more
479 3647 594 3725 efferae

425 3839 508 3911 Huc
529 3830 675 3909 dedutto
698 3824 872 3917 seanmne,
896 3834 963 3909 Dei
991 3824 1071 3938 erga
1093 3836 1249 3911 bomiuler
1270 3822 1454 3923 numm,
1487 3838 1545 3941 qui
1579 3836 1651 3913 vult

320 3961 439 4013 omnes
462 3932 565 4009 salum
587 3934 660 4007 fieri
683 3932 782 4014 etad
807 3940 1030 4036 cognitionem
1055 3942 1193 4013 veritatis
1219 3940 1352 4022 venire,
1385 3939 1514 4040 llupens
1545 3936 1651 4013 coafi-

321 4036 414 4113 dem.
460 4042 551 4112 Nam
574 4063 653 4110 cum
676 4035 801 4109 ethnici
825 4056 858 4111 et
879 4036 1003 4110 barbari
1027 4037 1072 4112 illi
1097 4042 1133 4112 in
1156 4042 1412 4124 termaximum,
1438 4060 1474 4117 vt
1499 4040 1653 4124 diximus,

323 4136 485 4239 templum
509 4135 695 4225 intrall'ent3
719 4136 899 4237 stantesque
921 4143 1057 4223 omnia,
1082 4166 1164 4241 quae
1189 4142 1231 4215 ibi
1252 4158 1323 4213 tum
1336 4142 1549 4240 gerebantur,
1576 4166 1656 4215 con·

324 4238 521 4333 fiderarent‚
546 4235 1005 4337 curiosequetseiscitarentur,
1032 4269 1089 4313 cur
1112 4248 1282 4343 primum,
1309 4266 1410 4340 quent
1435 4272 1574 4344 paruum
1595 4265 1656 4317 vo·

326 4363 422 4427 cant,
446 4336 623 4441 ingreffur,
649 4336 765 4413 deinde
790 4368 869 4414 vero
894 4369 1032 4441 magnus
1056 4342 1171 4418 lieret:
1198 4368 1296 4442 quare
1321 4342 1507 4421 subdiaconi
1533 4368 1566 4421 et
1590 4340 1656 4417 die·

327 4448 405 4517 coni
429 4469 471 4514 ex
495 4437 585 4513 sacro
611 4442 739 4511 bemate
765 4466 842 4511 cum
867 4440 1004 4515 lucernis
1030 4462 1062 4515 et
1086 4442 1216 4519 flabellis
1241 4444 1470 4545 egrederentur
1477 4476 1494 4541 3
1520 4452 1589 4523 imo
1610 4460 1657 4517 et·

297 4545 299 4548 ’
326 4550 394 4621 iam
417 4538 596 4616 ficerdot'ee
623 4561 655 4615 et
678 4538 874 4638 pontifices,
899 4566 963 4639 pro
989 4540 1110 4616 assueto
1137 4570 1235 4617 more
1260 4573 1338 4620 cum
1361 4547 1535 4623 tremendis
1561 4542 1657 4623 acdi-

326 4648 409 4721 uinir
433 4643 616 4739 mysteriis,
642 4666 706 4713 nec
726 4666 797 4713 non
816 4644 1023 4814 patriarcba,
1052 4648 1109 4743 qui
1146 4665 1228 4717 tunc
1265 4642 1374 4719 sedem
1406 4652 1590 4725 obtinebat:
1616 4669 1657 4718 ac

329 4748 432 4825 turba,
445 4753 481 4820 in
505 4751 694 4843 pauimento
723 4747 815 4841 proci

328 4855 412 4928 mine
437 4849 591 4949 miserm.
637 4846 789 4924 illiceto
816 4864 956 4946 quatuor
978 4843 1112 4943 gentiles
1134 4842 1219 4935 soli,
1243 4854 1369 4928 intentu
1395 4854 1494 4933 oculis
1519 4850 1589 4929 line
1608 4872 1658 4920 re·

847 4939 1139 5063 §fiisse
1600 4970 1657 5024 ue·

373 5140 597 5239 ditinum
618 5150 975 5241 veruqeariaaynem.

839 4762 930 4845 eret,
954 4768 1066 4843 preces
1090 4740 1295 4830 effunderet,
1322 4747 1559 4852 clamaretque,
1584 4748 1661 4823 Do·
1728 4750 1732 4755 ’
