4642 6992
708 1208 739 1235 ··
769 1170 992 1291 'entra'
1016 1175 1101 1291 uu.
1555 1188 1615 1309 aa
1698 1286 1702 1292 ,

699 1386 702 1395 ,
952 1370 956 1375 .
1409 1312 1412 1318 ’
1621 1312 1702 1395 Imp.
1748 1326 1805 1396 aar.

840 1444 869 1493 ,ο
894 1424 933 1495 0·
960 1429 1045 1508 „73
1622 1415 1760 1465 cauete

270 1504 619 1643 ledlnros'Bulgaros',
645 1560 680 1617 vt
704 1542 846 1623 Mariam
873 1548 1057 1635 dederent,
1077 1566 1113 1621 et
1134 1538 1303 1659 generunt
1315 1544 1482 1651 filimere
1500 1553 1603 1651 impe·
1618 1486 1689 1550 Pal.

271 1654 388 1723 tatoris
413 1651 615 1749 ira-regnum
640 1644 721 1719 loco
743 1654 809 1723 eius
836 1657 1028 1760 acciperent.
1618 1666 1689 1745 287.

885 1856 917 1953 §-
943 1878 1013 1945 au·
1616 1941 1620 1947 ,

315 2046 319 2055 ,
387 1976 481 2049 Haec
506 1978 611 2051 Maria
637 1976 838 2079 intelligens,
863 1980 1007 2056 redatias
1032 1982 1068 2049 io
1096 1979 1221 2053 arthnn
1248 2006 1298 2053 res
1322 1975 1392 2052 tiras
1416 1976 1568 2053 sentiebat
1591 2000 1605 2063 3

273 2072 404 2149 duobus
430 2083 462 2147 in
489 2072 519 2149 se
545 2104 643 2169 unam
669 2083 746 2169 hinc
771 2102 877 2177 atque.
894 2080 969 2155 inde
994 2082 1217 2179 ingruentibus
1241 2074 1341 2152 malis.
1389 2084 1480 2153 Hinc
1515 2083 1604 2151 euim

273 2172 384 2277 nuper
395 2198 507 2251 exorta
520 2178 614 2277 pellis
628 2184 790 2253 Lachanas
803 2186 983 2257 vidricibns
995 2180 1111 2253 inllans
1125 2186 1238 2279 copiis,
1251 2185 1421 2281 regionem
1435 2176 1607 2259 desolabat,

275 2284 477 2380 quocunque
503 2278 683 2380 intenderat
710 2285 825 2357 cubela
851 2284 956 2357 llatim
983 2282 1122 2355 aduentu
1148 2288 1258 2379 primo
1287 2284 1437 2375 capient,
1475 2295 1528 2352 ‘et
1561 2275 1606 2347 fic

272 2366 511 2481 plerorumque
537 2384 619 2467 circa
645 2384 682 2455 T
684 2386 843 2456 emobnrn
867 2376 1018 2459 locorum
1046 2388 1112 2455 iam
1139 2380 1292 2454 dominns
1320 2376 1452 2455 effectus
1479 2385 1523 2449 Γ).
1552 2384 1605 2451 Ex

272 2481 375 2553 altera
401 2507 479 2579 vero
507 2503 594 2579 parte
619 2490 733 2583 copiae
760 2487 799 2557 ab
823 2489 1019 2577 imperatore
1046 2482 1151 2581 plures
1179 2479 1438 2581 superuenientes
1456 2474 1607 2552 incresce-
1654 2546 1666 2561 ,

272 2584 377 2669 bant3
403 2590 541 2681 quarum
567 2580 702 2657 ducibus
730 2582 762 2657 id
787 2590 959 2686 apparebat
982 2582 1044 2657 elle
1068 2581 1301 2681 propositum,
1329 2606 1363 2655 vt
1376 2603 1466 2653 extra
1480 2582 1605 2663 vrbem,

274 2681 439 2783 quidquid
464 2682 634 2757 infirmum
651 2706 694 2761 et
710 2684 893 2781 expolitum
909 2694 1040 2761 iniuriae
1055 2686 1197 2774 iacebat,
1226 2680 1496 2781 depraedarentur
1509 2706 1605 2779 agen·
1709 2741 1714 2750 .

262 2807 322 2857 aes
350 2780 577 2882 fetentesque3
604 2791 685 2857 intra
711 2778 721 2855 i
749 2784 811 2861 liam
838 2814 941 2887 porro
968 2792 1127 2857 ciuitatem
1155 2790 1345 2882 praecipuos
1373 2808 1520 2881 quosque
1534 2808 1611 2878 pro-

278 2908 393 2957 cerum
419 2882 580 2983 prontislis
605 2883 646 2957 ad
675 2816 901 2984 deleuionem·
922 2888 1100 2961 delinirent.
1127 2912 1226 2988 qnare
1251 2880 1318 2967 illi,
1345 2910 1407 2981 pro
1424 2880 1464 2954 le
1488 2909 1517 2951 ar
1539 2882 1610 2955 filio
1670 2882 1675 2889 ’

278 2982 401 3059 solicite
427 2984 593 3083 trepidae,
619 3016 713 3060 curae
739 3016 824 3062 acres
851 2994 997 3065 aninuun
1026 2986 1201 3059 turbabant.
1256 2989 1413 3058 Ac'cnm
1447 2983 1608 3055 ambobus

277 3084 375 3159 limul
403 3086 545 3159 lrollibns
571 3084 720 3161 obfitt'ere
746 3080 914 3191 neq¹tiret‚
942 3088 1093 3189 placare,
1121 3086 1144 3158 st
1170 3080 1298 3183 pollet,
1331 3077 1466 3157 alteram
1501 3082 1609 3156 decre·

282 3196 340 3261 rut.
367 3193 399 3257 in
426 3214 493 3287 qno
522 3187 740 3261 sellinunrlnm
774 3190 950 3263 iudicabat:
977 3217 1018 3262 ne
1045 3188 1126 3271 fibi,
1153 3185 1233 3257 dum
1262 3192 1341 3258 haec
1367 3207 1479 3283 parat,
1504 3188 1542 3255 ab
1569 3184 1613 3257 al·
1671 3236 1674 3241 -

278 3310 352 3363 tero
380 3294 507 3360 interim
534 3288 675 3361 duorum
708 3294 918 3364 vehementer
952 3297 1115 3389 utrinque·
1138 3286 1321 3359 instantium
1367 3285 1610 3384 irreparabiliter

281 3386 475 3565 oppgellae,
501 3386 606 3462 serum
634 3389 750 3464 deinde
776 3392 846 3465 talia
872 3392 1027 3501 moliendi
1047 3386 1232 3463 ‘confilium
1272 3410 1304 3461 et
1341 3408 1474 3461 conatus
1506 3391 1610 3461 irritus

286 3520 345 3566 eua
371 3512 447 3566 eret.
1044 3513 1047 3521 ⁴
1079 3516 1083 3527 ·
1285 3503 1288 3510 '

381 3626 420 3695 ln
445 3624 507 3695 hac
534 3618 577 3691 illi
602 3616 830 3697 deliberatione
855 3620 989 3696 dubium
1015 3645 1085 3696 non
1112 3639 1200 3705 erat,
1227 3622 1306 3719 qpin
1330 3610 1430 3718 ipsam
1457 3612 1608 3691 officinm

278 3738 312 3795 et
336 3720 445 3820 pudor
469 3719 511 3794 ad
537 3727 767 3821 imperatorem
791 3730 898 3824 potius
925 3728 1073 3797 traheret.
1099 3738 1186 3823 ‘qno
1212 3727 1299 3794 enim
1327 3720 1511 3804 decentius,
1536 3746 1604 3819 qno

281 3824 469 3907 honestius,
496 3850 605 3923 quam.
621 3822 662 3895 ad
689 3826 887 3904 auunculum
914 3832 1040 3923 neptis,
1066 3818 1107 3895 ad
1132 3828 1277 3895 amicum
1302 3826 1361 3894 viri
1387 3818 1533 3905 defundi
1553 3822 1606 3917 'vi-

280 3920 345 3997 dua
371 3922 593 4025 confugeret?
618 3930 725 4020 potins
744 3924 854 4027 vtique
879 3932 989 4021 (cum
1015 3924 1150 3997 alterum
1177 3927 1267 3996 vitari
1280 3949 1351 3996 non
1374 3916 1489 4016 oller)
1504 3947 1605 4021 quam

278 4023 479 4099 interfedlori
506 4020 667 4098 maritise
695 4024 835 4117 dedere;
862 4048 893 4099 et
913 4054 993 4101 erma
1008 4020 1143 4097 summa
1168 4028 1283 4095 iniuria
1316 3950 1461 4097 debuisti
1493 4023 1607 4095 coniu-

278 4131 327 4226 gis
354 4148 463 4206 torum
489 4132 555 4200 eius
579 4126 769 4223 prollitnere
795 4114 957 4201 subsellori
983 4158 1006 4201 a.
1026 4132 1146 4199 recenti
1172 4123 1281 4197 adhuc
1305 4124 1388 4197 illius
1413 4120 1510 4196 caede
1534 4149 1606 4193 cru·
1674 4154 1677 4160 ·

278 4254 337 4299 ore
361 4233 508 4301 'mananti
533 4236 572 4297 ς).
602 4230 687 4297 Prius
712 4232 832 4329 igitur'‚
859 4250 892 4303 vt
917 4254 976 4329 par
1001 4222 1079 4311 fuit,
1105 4250 1146 4299 eo
1173 4222 1383 4329 propendit‚‘
1403 4244 1439 4300 vt
1473 4224 1512 4297 ab
1548 4222 1605 4295 illo
1673 4278 1677 4285 .

276 4326 410 4429 salntem
424 4340 624 4431 'quaere1·et‚
637 4354 668 4447 ³a
694 4356 762 4428 qno
788 4330 977 4430 dignitatem
1005 4349 1171 4427 acceperat
1183 4352 1194 4418 ;
1221 4350 1253 4400 et
1277 4324 1327 4423 ad·
1345 4330 1576 4427 imperatorem
1592 4345 1613 4407 ‚'

275 4448 337 4530 per
361 4458 459 4531 quem
486 4424 517 4501 se
543 4426 747 4503 meminerat
761 4436 796 4503 in
820 4437 961 4531 regnum
975 4429 1140 4529 Bulgariae
1153 4431 1373 4529 prouedlam‚
1399 4428 1522 4529 legatos
1535 4421 1606 4525 sup·

276 4530 378 4632 plicas
404 4536 529 4607 mittere
555 4532 681 4603 redium
708 4550 740 4603 et
766 4537 963 4606 conueniens
998 4532 1130 4629 putauit.
1181 4527 1247 4603 Sed
1279 4534 1427 4627 aequitati
1457 4526 1607 4601 bonella·

274 4640 367 4731 tique
393 4638 470 4707 acris
498 4625 674 4705 aduerluia
698 4636 733 4705 in
758 4638 959 4709 contrarium
986 4632 1180 4705 incumbens
1216 4626 1438 4703 oblutlabatur
1469 4626 1606 4801 milix,
1685 4633 1687 4636 ’

1584 4752 1608 4800 o

320 4946 382 5012 287,
407 4918 544 5009 ld.,ibid.
570 4954 599 5015 p.
630 4914 694 5004 302i
723 4982 728 4993 .
769 4936 775 4947 '
846 4918 849 4929 ¹
968 4957 1048 5015 μενᾳν
1069 4926 1163 4992 laeua
1183 4932 1204 5005 (
1213 4920 1307 4989 bime
1327 4926 1355 4991 la
1375 4909 1608 5004 uarietatem·

320 5020 369 5098 r)
390 5020 435 5085 Et
449 5014 696 5105 fic-rffriias,
720 5020 800 5085 addit
829 5012 925 5084 interi
969 5018 1046 5080 oium
1079 5043 1119 5094 τῳ
1151 5020 1292 5096 coare).
1325 5018 1440 5105 reliqua
1462 5020 1607 5083 breraora

270 5126 348 5195 pter.
969 5106 1066 5174 multo
1087 5106 1119 5171 in
1144 5108 1269 5187 meeis.

322 5204 365 5273 s)
390 5187 548 5271 συξεση-
563 5212 603 5250 u
634 5212 698 5270 uper
726 5212 773 5252 τον
802 5182 919 5264 inesxt-
