4642 6992
761 1196 828 1289 296
1197 1186 1620 1267 sEitvrConM
1802 1264 1805 1270 .

548 1305 754 1386 IosppnoAN·
842 1372 850 1377 ‚

512 1446 516 1452 ,
554 1406 601 1461 us
625 1388 697 1453 Pal.
1304 1417 1332 1463 a.
1358 1394 1398 1469 C.
1424 1412 1511 1479 1347.
1810 1474 1812 1481 ¹

553 1490 693 1631 aff
746 1487 1051 1590 *destestaretirrbct
1099 1512 1143 1583 At
1173 1506 1299 1581 barbari
1332 1509 1384 1581 vbi
1419 1528 1545 1582 tantum
1580 1502 1810 1605 Mygdoniam
1839 1532 1898 1607 per
1927 1515 2051 1589 muniti.

449 1610 455 1622 “
760 1641 888 1698 onem,
921 1638 1004 1711 qnae
1027 1616 1116 1683 uinta
1142 1608 1366 1707 Chrillopolin
1391 1610 1461 1700 esi,
1496 1630 1737 1705 peruenerunt,
1774 1631 1807 1691 et
1829 1610 1920 1685 urbes
1947 1610 2051 1685 illesa

764 1716 860 1793 ciale
883 1720 987 1787 teucri
1012 1712 1260 1792 intellexerunt,
1289 1707 1411 1783 ductun
1437 1713 1574 1807 imperia
1599 1715 1692 1807 parui
1717 1710 1914 1810 pendentes,
1942 1712 2052 1811 adpo.

762 1816 963 1918 pulatioucm
992 1808 1054 1886 sese
1088 1814 1175 1888 illico
1198 1806 1409 1893 effuderunt,
1443 1817 1596 1911 vicosque
1621 1836 1738 1887 omnes
1770 1812 1994 1896 intrauerunt,
2024 1834 2053 1888 et

759 1920 855 1995 urbes
880 1914 1088 2017 Mygdoniae
1114 1914 1265 1987 finitimas
1290 1907 1513 1996 incursurum,
1538 1908 1750 1997 occiderunt,
1776 1938 1809 1989 er
1825 1920 1972 2014 captiuos
1986 1940 2053 2015 ege·

761 2040 840 2093 runt
888 2016 1156 2115 uamplurimost'
1172 2034 1267 2114 atque
1293 2040 1370 2086 cum
1400 2018 1512 2112 opima
1538 2009 1675 2111 pracda,
1700 2021 1796 2088 armis
1811 2014 1974 2117 quaesita,
1999 2042 2053 2114 per

764 2044 1015 2216 Hellespontum
1038 2122 1074 2192 in
1100 2118 1288 2209 Bithyniam
1313 2115 1486 2189 redierunt.
1537 2119 1718 2214 Imperator
1755 2138 1791 2191 vt
1822 2118 1972 2189 barbaros
2004 2114 2053 2188 de·

764 2216 892 2298 seruisse
917 2219 1047 2291 ordines
1072 2215 1217 2300 audiuit,
1238 2212 1473 2289 ¹moleilislmre
1500 2214 1592 2291 tulit:
1627 2214 1894 2317 quandoquidem
1920 2223 1955 2291 in
1980 2243 2056 2316 quo·

762 2350 840 2397 rum
866 2319 1032 2395 utilitatem
1058 2317 1177 2391 bellum
1203 2322 1271 2393 hoc
1297 2314 1498 2415 susceperat,
1525 2342 1581 2393 eos
1605 2312 1690 2419 ipsos
1714 2320 1768 2407 lu‘,
1794 2326 1851 2423 qui
1875 2315 1909 2394 se
1933 2314 2054 2420 proso·
2110 2336 2115 2349 “

723 2430 819 2503 ‘ciis
848 2420 992 2497 adiutrui
1010 2418 1223 2507 videbantur,
1247 2416 1464 2524 perdiderant.

1377 2615 1482 2664 ‚20.

663 2754 727 2826 ,ῃ
772 2697 776 2703 ⁴
862 2715 1194 2812 [caurucvzrisvs
1221 2591 1399 2815 imperatbr
1426 2614 1504 2789 edm
1517 2713 1687 2789 Matthaeo
1700 2708 1769 2787 filio
1782 2717 1949 2815 regionis,
1978 2740 2053 2816 qnae

760 2820 797 2889 in
822 2813 962 2918 longum
988 2845 1006 2889 a
1032 2815 1487 2916 Didymoticlro'zephyrurn
1516 2808 1622 2889 versus
1650 2812 1690 2917 ad
1705 2814 2054 2915 Chrissopolitanasub·

762 2916 876 3002 urbia,
902 2924 936 2989 in
974 2916 1077 2990 latum
1110 2938 1219 2989 autem
1246 2944 1263 2988 a
1297 2918 1377 2990 mari
1408 2916 1450 2989 ad
1487 2912 1649 3017 oppidum
1686 2919 1878 3036 Xanthiam·
1893 2922 2054 3019 patebat,
2153 2918 2154 2989 l

683 3078 684 3081 ,
760 3024 979 3119 principatum
1005 3016 1209 3103 attribuisset,
1235 3022 1362 3119 inquit,
1387 3020 1490 3120 JEgo
1516 3044 1596 3092 vero
1619 3016 1720 3091 nostri
1751 3022 1879 3117 imperis
1897 3104 1903 3111 ³
1919 3020 2055 3094 nostrae·
2153 3052 2154 3063 r

659 3210 662 3213 ἢ
760 3146 826 3219 que
851 3119 979 3193 ditionis
1006 3146 1139 3195 murum
1164 3116 1253 3220 quast
1281 3118 1445 3221 quendam
1470 3120 1573 3193 statuo
1586 3138 1641 3204 te,
1667 3140 1702 3193 vt
1725 3118 1823 3219 poll'rs
1848 3130 1935 3221 rupis
1967 3122 2055 3195 inslar

760 3222 948 3297 constitutur
974 3216 1124 3297 aduersus
1152 3220 1293 3305 lindius,
1319 3249 1360 3295 ex
1386 3220 1538 3299 Triballis
1564 3241 1719 3322 tanquam
1745 3247 1786 3294 ex
1812 3220 1950 3297 immani
1983 3250 2055 3324 pro·

760 3318 868 3403 fundo
894 3318 1159 3407 efferuescente,
1186 3323 1243 3396 tibi
1268 3320 1400 3423 quidem
1427 3344 1640 3423 tropaeorum
1665 3320 1831 3398 illullrium
1849 3324 2055 3401 occalionem

761 3446 908 3526 paratam
942 3426 1084 3509 habere,
1118 3426 1213 3498 nobis
1245 3446 1354 3499 autem
1390 3421 1591 3500 securitatem
1621 3424 1788 3527 praeliare.
1802 3464 1843 3477 -
1857 3424 1940 3501 Illud
1979 3450 2055 3504 vero

745 3553 832 3607 *non
857 3533 1005 3629 ignoro,
1030 3530 1122 3626 queri
1147 3521 1239 3627 posse
1264 3547 1296 3599 te
1321 3523 1362 3599 de
1388 3529 1503 3610 nobis,
1539 3531 1595 3625 qui
1630 3524 1664 3599 id
1698 3525 1944 3629 gratificemur,
1970 3522 2057 3629 quod

761 3634 900 3718 minime
924 3647 1054 3727 gratum
1080 3623 1143 3699 else
1171 3625 1357 3701 debeat-.
1385 3625 1551 3728 Siquidem
1577 3650 1613 3699 ea
1637 3650 1697 3723 per
1722 3650 1783 3697 nos
1810 3626 1884 3701 loca
1896 3630 2054 3704 habiturus

762 3756 819 3811 es,
846 3755 928 3828 quac
953 3728 1088 3800 flamma
1111 3726 1233 3799 hollilis
1260 3726 1404 3829 quotidie
1428 3726 1668 3829 depopulatur3
1694 3752 1777 3829 quac
1802 3725 1857 3803 diu
1890 3752 1923 3805 er
1956 3734 2055 3805 nodln
2153 3754 2154 3763 ¹

760 3826 970 3930 ‘gmllantibus
1004 3828 1140 3900 barbaris
1174 3853 1246 3900 non
1281 3834 1389 3901 minus
1426 3848 1561 3929 patent,
1596 3854 1695 3927 quam
1733 3828 1861 3906 nostrae
1897 3842 2054 3937 regiones.

651 3959 655 3967 ¹
762 3936 850 4027 Quas
877 3934 965 4001 enim
991 3947 1087 4024 terras
1112 3926 1322 4027 peruadendo
1350 3935 1451 4003 inuias
1477 3958 1515 4003 ac
1546 3926 1681 4002 desertas
1713 3922 1819 4003 facere
1852 3934 1941 4009 haud
1982 3930 2055 4007 defi-

760 4052 866 4113 nunt,
892 4056 911 4103 a
937 4033 1019 4102 mari
1048 4028 1181 4129 quidem
1210 4034 1359 4129 piraticae
1390 4060 1431 4105 cx
1467 4029 1541 4105 Alia
1575 4026 1740 4105 Persarum
1766 4038 1903 4132 copiae,
1930 4064 1951 4109 a
1977 4056 2055 4109 terra

640 4129 644 4136 ⁴
761 4132 873 4207 autem
898 4152 1026 4232 apertae
1051 4130 1327 4232 clandestinaeque
1341 4132 1565 4208 Triballorum
1586 4130 1784 4207 incursiones
1802 4156 1834 4211 et
1847 4134 1953 4211 infelli
1967 4166 2055 4212 exer·

763 4242 867 4317 citro,
893 4261 944 4307 eas
970 4259 1031 4305 nos
1056 4236 1111 4306 tibi
1145 4230 1352 4331 possidendas
1387 4231 1755 4337 alligamus-*Adeo
1780 4262 1829 4309 res
1862 4240 1990 4314 nostrae
2021 4248 2054 4315 in

761 4332 918 4437 praesenti
943 4331 1080 4408 afflidlae
1105 4330 1202 4424 sunt;
1227 4332 1310 4409 adeo
1338 4338 1445 4411 ciuiles
1470 4337 1513 4412 illi
1541 4358 1573 4411 et
1606 4336 1821 4435 implacabiles
1845 4342 2055 4419 tumultus-

761 4459 973 4513 externornm
998 4440 1033 4507 in
1056 4461 1117 4509 nos
1141 4434 1285 4509 hostium
1311 4444 1492 4537 potentiam
1516 4438 1612 4537 plane
1648 4438 1893 4518 confirmarunt.
1946 4438 2055 4517 Vnde·

732 4536 841 4614 'nam
865 4534 1003 4622 scilicet,
1028 4535 1089 4610 nisi
1115 4536 1214 4622 inde,
1239 4540 1403 4614 Triballus
1427 4547 1462 4613 in
1486 4566 1547 4613 nos
1574 4560 1677 4613 tantus
1704 4538 1870 4633 creniffet3
1897 4550 1953 4644 qui
1966 4544 2056 4619 fluuii

761 4642 860 4716 instar
885 4636 1077 4723 exundans,
1104 4660 1137 4712 et
1159 4638 1276 4713 limites
1300 4636 1374 4715 suos
1399 4639 1501 4743 longe
1524 4638 1792 4743 praetergressus,
1817 4641 1926 4719 effusis
1951 4646 2056 4721 slusii·

763 4745 822 4824 bus
848 4763 974 4843 partem
1000 4746 1127 4838 imperii
1154 4744 1298 4817 Romani
1330 4749 1396 4816 iam
1428 4740 1627 4827 inundauit,
1660 4764 1785 4841 partem
1819 4745 2056 4824 inundaturum

761 4840 988 4919 seminatur?
1017 4846 1183 4915 Nimirum
1209 4844 1262 4918 ille
1286 4844 1390 4947 longo
1415 4865 1516 4919 terrae
1542 4844 1709 4919 interuallo
1736 4874 1754 4920 a
1784 4850 1879 4925 nobis
1914 4844 2056 4937 diuisus,

757 4970 806 5019 eo
830 4944 982 5019 andaciae
1005 4938 1180 5041 procellis,
1206 4971 1258 5019 cas
1282 4951 1364 5020 vires
1388 4948 1540 5049 collegit,
1567 4965 1602 5020 vt
1618 4948 1746 5021 nostros
1763 4976 1860 5049 agros
1873 4950 1953 5023 illius
1966 4978 2055 5023 exer-

749 5052 843 5120 -eitns
868 5068 1028 5153 perpetuo
1052 5043 1235 5131 incursent,
1262 5067 1295 5125 et
1327 5046 1432 5125 subitis
1468 5048 1698 5153 irruptionibus
1728 5050 1851 5133 uallem
1881 5059 2056 5230 impunep:
2153 5086 2154 5089 ¹

1659 5228 1662 5235 ,
1976 5172 1990 5226 t
2022 5178 2057 5229 0·

801 5266 859 5335 ¹7³·
883 5262 1110 5322 urcsrrronvs
1137 5265 1331 5322 antennas
1361 5251 1405 5319 T.
1421 5252 1466 5321 ll
1485 5272 1518 5340 p·
1541 5268 1601 5338 51³,
1623 5269 1683 5331 514.
