4642 6992
1128 1200 1541 1321 snavrcoauru
1682 1139 1685 1143 ⁵

1173 1414 1587 1509 mommo.

680 1530 828 1629 telino,
858 1528 985 1637 ipsein
1010 1536 1235 1617 confinentem
1267 1528 1431 1635 egress‘us,
1467 1529 1566 1607 duces
1590 1528 1812 1620 admonebat,
1846 1554 1911 1637 qm
1934 1534 1986 1611 in:

682 1637 856 1723 cederent,
890 1638 1088 1737 canebatque
1119 1635 1312 1737 diligenter,
1344 1662 1387 1708 ne
1412 1632 1672 1722 Macedoniam,
1703 1632 1793 1711 suam
1825 1662 1908 1712 mox
1931 1634 2009 1713 fir·

581 1747 650 1822 ¹80·
683 1761 817 1825 turam,
841 1734 1179 1842 popularenturtsed
1205 1764 1281 1811 cum
1309 1733 1577 1810 Theshlonicam
1605 1735 1782 1825 venisent,
1808 1736 1866 1813 srbi
1886 1764 1986 1814 curae

590 1910 593 1916 .
684 1839 856 1925 sonuum,
889 1862 1047 1943 quatenns
1079 1842 1253 1940 regionem
1283 1838 1427 1912 hoslium
1459 1835 1652 1915 infestarent.
1703 1846 1747 1915 Et
1775 1844 1983 1919 Matthaenm

684 1942 816 2027 filium,
840 1947 1006 2017 Romanas
1031 1964 1183 2043 agentem
1210 1944 1344 2040 copias,
1369 1964 1447 2015 cum
1472 1940 1606 2015 ducibus
1631 1948 1758 2043 praeire
1777 1940 1986 2019 Thessaloni-

688 2072 764 2119 cam
787 2044 924 2118 barbaris
950 2041 1041 2117 iussu.
1094 2046 1222 2143 Scopus
1249 2060 1357 2116 autem
1383 2041 1464 2115 illius
1492 2063 1581 2127 erat,
1607 2066 1666 2127 vt,
1691 2068 1769 2117 cumr
1792 2046 1837 2117 ibi
1861 2051 1983 2119 intuto

689 2152 923 2245 imperatorem
949 2149 1112 2219 iuniorem
1137 2140 1332 2245 reliquisset,
1359 2138 1424 2244 ipse
1449 2170 1526 2219 cum
1552 2148 1721 2221 Romanis·
1736 2166 1770 2219 et
1787 2146 1922 2221 barbaris
1949 2152 1987 2221 in

692 2246 838 2325 hostium
863 2252 1067 2349 prouinciam
1091 2244 1296 2345 irrumperet.
1348 2247 1414 2319 Vbi
1439 2250 1560 2347 igitur,
1584 2268 1621 2323 vt
1646 2245 1835 2333 videbatur,
1867 2247 2005 2325 exerciaess-

693 2369 767 2427 turn
791 2350 972 2427 terrestrem
995 2351 1086 2425 telle
1109 2348 1294 2435 conllitnit,
1324 2350 1504 2425 triremibus
1530 2350 1679 2427 ineltum
1704 2349 1992 2453 estpronenm-

1226 2510 1230 2518 ’
1282 2514 1313 2613 §.
1339 2518 1407 2589 216.

799 2638 922 2739 [Persis
946 2624 1038 2718 breui
1061 2638 1135 2743 posi
1167 2640 1212 2716 ob
1245 2640 1431 2717 vicinorum
1467 2638 1677 2737 dynastarum
1706 2624 1922 2745 irruptionem
1951 2646 2008 2733 in¹

574 2782 580 2787 ⁴
692 2741 805 2822 Asiam
828 2741 982 2840 reuersis]
1007 2748 1216 2827 Matthaeus,
1242 2746 1414 2845 quoniam„
1430 2770 1506 2817 curn
1531 2742 1603 2821 solia
1618 2750 1778 2820 Romania·
1801 2770 1861 2846 per
1885 2744 1997 2821 hoslea

695 2853 742 2921 ire
768 2873 841 2919 non
865 2864 1014 2949 poterat,
1048 2847 1240 2946 perennibus
1273 2848 1371 2919 ctiam
1401 2848 1436 2917 in
1462 2846 1574 2925 medio
1607 2846 1713 2923 fluuiis
1743 2843 1833 2923 haud
1865 2844 2000 2939 facilem

548 2944 553 2952 ’
647 2995 657 3016 ·
696 2945 865 3027 nanfitnm
895 2946 1171 3032 concedentibus,
1196 2966 1229 3021 et
1254 2944 1406 3021 Triballis
1432 2952 1498 3021 viar
1524 2946 1759 3035 infidentrhut,
1782 2978 1819 3023 ac
1843 2949 2004 3026 firmiori·-

694 3053 753 3126 but
778 3046 1008 3135 multitudine,
1033 3075 1133 3151 quarn
1159 3062 1224 3149 pro
1249 3051 1351 3147 copiis
1378 3050 1561 3141 Romania,
1595 3076 1673 3151 quat
1704 3050 1862 3139 ducebat,
1895 3056 1995 3139 etiam

627 3214 633 3223 .
694 3148 763 3227 ise
789 3146 932 3226 reuersus
946 3150 1014 3235 eil,
1042 3171 1075 3225 et
1088 3156 1247 3227 exercitur
1272 3147 1460 3250 diffipatm:
1483 3156 1653 3253 patrique,
1679 3152 1757 3255 quid
1784 3151 1841 3227 srbi
1867 3145 2000 3228 obstitis·

695 3180 765 3337 sn,
790 3251 954 3327 indicauit
1006 3259 1212 3353 Imperator,
1246 3254 1315 3325 hoc
1354 3272 1471 3325 euentu
1507 3254 1748 3343 stomachatus,
1780 3282 1882 3341 crrnr,
1913 3249 1997 3357 quid

696 3360 807 3460 potius
829 3374 963 3457 ageret,
988 3381 1059 3433 non
1083 3356 1250 3443 haberet,·
1263 3358 1374 3429 Eione
1387 3351 1654 3431 Thessalonicam
1678 3354 1907 3458 proficiscens,
1932 3381 2005 3431 no·

698 3459 752 3535 tle
776 3458 828 3532 illa
851 3482 959 3559 prope
984 3459 1229 3557 Amphipolin,
1255 3482 1354 3558 quam
1380 3457 1517 3530 Triballi
1544 3461 1723 3545 tenebant,
1754 3463 1842 3535 inilia
1867 3462 1995 3533 ancoris

698 3558 827 3637 manfit.
875 3565 961 3636 Eam
985 3560 1189 3633 Brninncsb)
1213 3560 1367 3661 regebat,
1400 3564 1588 3659 imperatori
1614 3562 1659 3634 ob
1685 3583 1828 3637 veterem
1861 3558 1997 3635 consue·

613 3660 619 3669 ’
699 3660 851 3739 tudinem
876 3660 1178 3737 coniunctissimus:
1199 3662 1240 3736 ad
1267 3688 1367 3759 quem
1391 3664 1494 3735 noctu
1519 3663 1686 3763 nauigiolo
1713 3664 1795 3737 olam
1821 3671 1931 3749 venit,
1963 3680 2001 3739 et

699 3790 780 3837 eom
820 3788 862 3835 eo
886 3758 1071 3840 semronem
1096 3764 1216 3837 habuit.
1303 3767 1360 3846 ni,
1383 3760 1474 3861 qood
1501 3762 1540 3836 ad
1565 3760 1596 3837 se
1622 3768 1795 3851 attinebat,
1825 3766 1908 3839 berre
1939 3769 2007 3837 im·

701 3868 844 3967 peratori
868 3860 1006 3964 nolent,
1032 3868 1145 3937 omnia
1170 3892 1211 3939 ex
1236 3868 1304 3937 eiua
1330 3864 1532 3963 beneplacito
1556 3862 1748 3962 fallarum,
1773 3889 1807 3941 et
1830 3895 1906 3940 curn
1931 3866 2000 3939 aliia

704 3960 853 4040 eiusdem
871 3968 980 4035 amicis
994 3966 1172 4049 alionum,
1194 3968 1387 4067 recipiebat,
1411 3988 1446 4041 vt
1472 3990 1666 4065 opportuno
1689 3992 1840 4069 ternpore
1867 3966 2004 4065 illiope·

704 4092 777 4143 ram
808 4086 987 4139 nauarent:
1022 4069 1282 4169 nunciabatqne,
1315 4066 1357 4141 ad
1393 4071 1579 4163 Strymonis
1615 4075 1699 4171 ripas
1732 4098 1831 4145 naues
1863 4067 2003 4145 Persicas

704 4167 784 4242 duat
809 4162 902 4267 supra
926 4170 1041 4267 uiginti
1065 4168 1249 4270 populandi
1274 4166 1367 4243 cansa
1389 4166 1544 4269 appulsae.
1594 4176 1801 4272 Imperator,
1824 4170 1918 4245 finito
1930 4175 2003 4245 hoe

704 4270 872 4345 nocturno
898 4268 1090 4369 colloquio,
1116 4268 1158 4343 ad
1184 4276 1329 4346 triremes
1352 4277 1509 4358 reuertit,
1531 4281 1685 4349 cautione
1704 4300 1825 4376 magna
1848 4272 2003 4359 adhibita,

705 4397 751 4452 ne
776 4396 855 4444 cum
880 4370 1032 4445 Triballo
1054 4370 1242 4474 congressus
1264 4370 1441 4449 resciretur.
1549 4469 1555 4481 „
1609 4410 1616 4423 ¹

477 1511 621 1567 IOANNB

478 1582 605 1655 Cattae.

1292 4542 1420 4638 hm
1732 4628 1735 4633 .

809 4658 966 4737 Diluculo
990 4656 1097 4737 Persas
1125 4660 1169 4738 ad
1194 4666 1350 4744 atrxilium
1376 4666 1514 4750 inuitat,
1540 4664 1689 4766 quisine
1714 4696 1810 4745 mora
1834 4668 2008 4756 aduolant,

711 4786 791 4836 cum
816 4768 852 4837 iis
876 4762 1145 4841 Thessalonicam
1171 4764 1343 4857 desertor,
1373 4768 1585 4847 vbi-vrbem
1610 4790 1682 4845 tum
1707 4774 1745 4847 ab
1774 4778 1911 4847 externit
1943 4775 2010 4844 ho-

712 4862 835 4955 ilibus,
858 4883 932 4938 tum
956 4867 997 4939 ab
1020 4873 1153 4941 internis
1184 4868 1417 4947 insidiatoribus
1448 4866 1633 4945 afflictarem
1665 4880 1887 4948 communiter
1915 4878 2010 4947 inue-

711 4971 770 5042 nit.
819 4970 948 5041 Verum
974 4994 1076 5044 omne
1099 4969 1227 5047 malum
1252 4972 1394 5051 aduentu
1416 4966 1476 5047 suo
1501 4966 1691 5077 discolsrt-
1716 4982 1850 5055 Vocato
1872 4980 1906 5047 in
1926 5001 2010 5048 con·

1498 5094 1508 5105 ‘
1868 5079 2005 5153 cionem

757 5167 980 5271 no.1d.jbid.
1004 5177 1128 5253 12768·
1436 5176 1483 5272 b)
1508 5180 1738 5281 Maeuianae.

754 5277 1119 5363 mufflpm
