<?xml version="1.0" encoding="UTF-8"?>
<!DOCTYPE html PUBLIC "-//W3C//DTD XHTML 1.0 Transitional//EN"
    "http://www.w3.org/TR/xhtml1/DTD/xhtml1-transitional.dtd">
<html xmlns="http://www.w3.org/1999/xhtml" xml:lang="en" lang="en">
 <head>
  <title>
</title>
<meta http-equiv="Content-Type" content="text/html;charset=utf-8" />
  <meta name='ocr-system' content='tesseract 3.04.00' />
  <meta name='ocr-capabilities' content='ocr_page ocr_carea ocr_par ocr_line ocrx_word'/>
</head>
<body>
  <div class='ocr_page' id='page_1' title='image "./memoriaepopulor00strigoog_0197.png"; bbox 0 0 4642 6992; ppageno 0'>
   <div class='ocr_carea' id='block_1_1' title="bbox 829 1148 1608 1244">
    <p class='ocr_par' dir='ltr' id='par_1_1' title="bbox 829 1148 1608 1244">
     <span class='ocr_line' id='line_1_1' title="bbox 829 1148 1608 1244; baseline 0.005 -24"><span class='ocrx_word' id='word_1_1' title='bbox 829 1148 1199 1244; x_wconf 61' lang='lat' dir='ltr'>cnavra.9</span> <span class='ocrx_word' id='word_1_2' title='bbox 1326 1157 1392 1208; x_wconf 66' lang='grc' dir='ltr'>κ</span> <span class='ocrx_word' id='word_1_3' title='bbox 1553 1161 1608 1244; x_wconf 71' lang='grc' dir='ltr'>ιες</span> 
     </span>
    </p>
   </div>
   <div class='ocr_carea' id='block_1_2' title="bbox 1619 1247 1820 1330">
    <p class='ocr_par' dir='ltr' id='par_1_2' title="bbox 1619 1247 1820 1330">
     <span class='ocr_line' id='line_1_2' title="bbox 1619 1247 1820 1330; baseline -0.03 -19"><span class='ocrx_word' id='word_1_4' title='bbox 1619 1247 1700 1330; x_wconf 80' lang='lat' dir='ltr'>Imp.</span> <span class='ocrx_word' id='word_1_5' title='bbox 1729 1262 1820 1312; x_wconf 55' lang='lat' dir='ltr'>aare,</span> 
     </span>
    </p>
   </div>
   <div class='ocr_carea' id='block_1_3' title="bbox 860 1335 1865 1440">
    <p class='ocr_par' dir='ltr' id='par_1_3' title="bbox 860 1335 1865 1440">
     <span class='ocr_line' id='line_1_3' title="bbox 860 1335 1865 1440; baseline 0.006 -46"><span class='ocrx_word' id='word_1_6' title='bbox 860 1371 886 1418; x_wconf 34' lang='grc' dir='ltr'>,ι</span> <span class='ocrx_word' id='word_1_7' title='bbox 915 1349 952 1419; x_wconf 44' lang='lat' dir='ltr'>c·</span> <span class='ocrx_word' id='word_1_8' title='bbox 979 1350 1060 1440; x_wconf 84' lang='lat'>1156.</span> <span class='ocrx_word' id='word_1_9' title='bbox 1616 1348 1736 1396; x_wconf 76' lang='lat' dir='ltr'>nvaae</span> <span class='ocrx_word' id='word_1_10' title='bbox 1761 1335 1784 1398; x_wconf 90' lang='lat'>1.</span> <span class='ocrx_word' id='word_1_11' title='bbox 1860 1388 1865 1400; x_wconf 74' lang='grc'>,</span> 
     </span>
    </p>
   </div>
   <div class='ocr_carea' id='block_1_4' title="bbox 259 1417 1726 2444">
    <p class='ocr_par' dir='ltr' id='par_1_4' title="bbox 913 1417 1726 1606">
     <span class='ocr_line' id='line_1_4' title="bbox 1622 1417 1726 1485; baseline -0.019 0"><span class='ocrx_word' id='word_1_12' title='bbox 1622 1417 1726 1485; x_wconf 79' lang='lat' dir='ltr'>Cama.</span> 
     </span>
     <span class='ocr_line' id='line_1_5' title="bbox 913 1512 1014 1606; baseline -0.03 0"><span class='ocrx_word' id='word_1_13' title='bbox 913 1512 943 1606; x_wconf 83' lang='lat' dir='ltr'>i·</span> <span class='ocrx_word' id='word_1_14' title='bbox 968 1533 1014 1603; x_wconf 71' lang='lat'>52</span> 
     </span>
    </p>

    <p class='ocr_par' dir='ltr' id='par_1_5' title="bbox 259 1622 1634 2444">
     <span class='ocr_line' id='line_1_6' title="bbox 427 1622 1606 1732; baseline 0.008 -29"><span class='ocrx_word' id='word_1_15' title='bbox 427 1643 555 1710; x_wconf 88' lang='lat' dir='ltr'>Venun</span> <span class='ocrx_word' id='word_1_16' title='bbox 581 1622 704 1700; x_wconf 82' lang='lat' dir='ltr'>Belusee</span> <span class='ocrx_word' id='word_1_17' title='bbox 727 1655 799 1712; x_wconf 88' lang='lat' dir='ltr'>non</span> <span class='ocrx_word' id='word_1_18' title='bbox 825 1625 878 1700; x_wconf 89' lang='lat' dir='ltr'>din</span> <span class='ocrx_word' id='word_1_19' title='bbox 904 1628 1046 1702; x_wconf 87' lang='lat' dir='ltr'>multum</span> <span class='ocrx_word' id='word_1_20' title='bbox 1072 1635 1253 1732; x_wconf 88' lang='lat' dir='ltr'>principatu</span> <span class='ocrx_word' id='word_1_21' title='bbox 1279 1638 1421 1732; x_wconf 88' lang='lat' dir='ltr'>potitus,</span> <span class='ocrx_word' id='word_1_22' title='bbox 1453 1633 1535 1709; x_wconf 81' lang='lat' dir='ltr'>illius</span> <span class='ocrx_word' id='word_1_23' title='bbox 1559 1642 1606 1712; x_wconf 88' lang='lat' dir='ltr'>in·</span> 
     </span>
     <span class='ocr_line' id='line_1_7' title="bbox 316 1726 1608 1840; baseline 0.009 -40"><span class='ocrx_word' id='word_1_24' title='bbox 316 1739 419 1840; x_wconf 63' lang='lat' dir='ltr'>fignta</span> <span class='ocrx_word' id='word_1_25' title='bbox 444 1727 611 1830; x_wconf 81' lang='lat' dir='ltr'>deposuit,</span> <span class='ocrx_word' id='word_1_26' title='bbox 636 1733 805 1829; x_wconf 86' lang='lat' dir='ltr'>patrioque</span> <span class='ocrx_word' id='word_1_27' title='bbox 829 1729 988 1802; x_wconf 86' lang='lat' dir='ltr'>excedens</span> <span class='ocrx_word' id='word_1_28' title='bbox 1014 1726 1108 1814; x_wconf 93' lang='lat' dir='ltr'>solo,</span> <span class='ocrx_word' id='word_1_29' title='bbox 1134 1737 1222 1806; x_wconf 85' lang='lat' dir='ltr'>venit</span> <span class='ocrx_word' id='word_1_30' title='bbox 1246 1739 1279 1802; x_wconf 88' lang='lat' dir='ltr'>in</span> <span class='ocrx_word' id='word_1_31' title='bbox 1293 1738 1526 1836; x_wconf 81' lang='lat' dir='ltr'>Hungariam,</span> <span class='ocrx_word' id='word_1_32' title='bbox 1552 1740 1608 1812; x_wconf 84' lang='lat' dir='ltr'>vbi</span> 
     </span>
     <span class='ocr_line' id='line_1_8' title="bbox 318 1825 1608 1938; baseline 0.003 -31"><span class='ocrx_word' id='word_1_33' title='bbox 318 1868 395 1913; x_wconf 75' lang='lat' dir='ltr'>etun</span> <span class='ocrx_word' id='word_1_34' title='bbox 421 1837 543 1910; x_wconf 85' lang='lat' dir='ltr'>multos</span> <span class='ocrx_word' id='word_1_35' title='bbox 568 1825 720 1928; x_wconf 82' lang='lat' dir='ltr'>exegisset</span> <span class='ocrx_word' id='word_1_36' title='bbox 747 1857 873 1914; x_wconf 85' lang='lat' dir='ltr'>annos,</span> <span class='ocrx_word' id='word_1_37' title='bbox 899 1852 1040 1904; x_wconf 87' lang='lat' dir='ltr'>mortem</span> <span class='ocrx_word' id='word_1_38' title='bbox 1068 1829 1200 1906; x_wconf 85' lang='lat' dir='ltr'>tandem</span> <span class='ocrx_word' id='word_1_39' title='bbox 1222 1835 1308 1906; x_wconf 89' lang='lat' dir='ltr'>obiit.</span> <span class='ocrx_word' id='word_1_40' title='bbox 1357 1842 1537 1938; x_wconf 81' lang='lat' dir='ltr'>Imperator</span> <span class='ocrx_word' id='word_1_41' title='bbox 1553 1865 1608 1911; x_wconf 83' lang='lat' dir='ltr'>au-</span> 
     </span>
     <span class='ocr_line' id='line_1_9' title="bbox 259 1929 1605 2036; baseline -0.001 -22"><span class='ocrx_word' id='word_1_42' title='bbox 259 1963 274 1974; x_wconf 90' lang='lat'><strong>·</strong></span> <span class='ocrx_word' id='word_1_43' title='bbox 316 1963 387 2015; x_wconf 89' lang='lat' dir='ltr'>tem</span> <span class='ocrx_word' id='word_1_44' title='bbox 411 1942 551 2010; x_wconf 87' lang='lat' dir='ltr'>accitum</span> <span class='ocrx_word' id='word_1_45' title='bbox 585 1935 766 2036; x_wconf 77' lang='lat' dir='ltr'>minimum</span> <span class='ocrx_word' id='word_1_46' title='bbox 797 1955 872 2004; x_wconf 84' lang='lat' dir='ltr'>natu</span> <span class='ocrx_word' id='word_1_47' title='bbox 906 1929 1063 2016; x_wconf 86' lang='lat' dir='ltr'>fratrem,</span> <span class='ocrx_word' id='word_1_48' title='bbox 1099 1937 1151 2005; x_wconf 91' lang='lat' dir='ltr'>cui</span> <span class='ocrx_word' id='word_1_49' title='bbox 1187 1935 1318 2010; x_wconf 60' lang='lat' dir='ltr'>nasei)</span> <span class='ocrx_word' id='word_1_50' title='bbox 1350 1963 1475 2010; x_wconf 88' lang='lat' dir='ltr'>nomen</span> <span class='ocrx_word' id='word_1_51' title='bbox 1492 1931 1494 1940; x_wconf 68' lang='grc'>’</span> <span class='ocrx_word' id='word_1_52' title='bbox 1513 1961 1605 2024; x_wconf 87' lang='lat' dir='ltr'>erat,</span> 
     </span>
     <span class='ocr_line' id='line_1_10' title="bbox 317 2029 1604 2134; baseline 0 -20"><span class='ocrx_word' id='word_1_53' title='bbox 317 2044 477 2115; x_wconf 69' lang='lat' dir='ltr'>Daradrai</span> <span class='ocrx_word' id='word_1_54' title='bbox 503 2034 667 2132; x_wconf 79' lang='lat' dir='ltr'>regionis,</span> <span class='ocrx_word' id='word_1_55' title='bbox 695 2057 776 2129; x_wconf 85' lang='lat' dir='ltr'>quae</span> <span class='ocrx_word' id='word_1_56' title='bbox 800 2029 907 2110; x_wconf 79' lang='lat' dir='ltr'>Naeso</span> <span class='ocrx_word' id='word_1_57' title='bbox 921 2037 951 2095; x_wconf 77' lang='lat' dir='ltr'>e)</span> <span class='ocrx_word' id='word_1_58' title='bbox 977 2030 1124 2117; x_wconf 85' lang='lat' dir='ltr'>adiacet,</span> <span class='ocrx_word' id='word_1_59' title='bbox 1159 2055 1191 2107; x_wconf 88' lang='lat' dir='ltr'>et</span> <span class='ocrx_word' id='word_1_60' title='bbox 1218 2034 1399 2122; x_wconf 83' lang='lat' dir='ltr'>incolarum</span> <span class='ocrx_word' id='word_1_61' title='bbox 1425 2036 1604 2134; x_wconf 82' lang='lat' dir='ltr'>frequentia</span> 
     </span>
     <span class='ocr_line' id='line_1_11' title="bbox 316 2129 1607 2238; baseline -0.001 -23"><span class='ocrx_word' id='word_1_62' title='bbox 316 2143 364 2215; x_wconf 81' lang='lat' dir='ltr'>est</span> <span class='ocrx_word' id='word_1_63' title='bbox 390 2141 519 2213; x_wconf 83' lang='lat' dir='ltr'>celebris</span> <span class='ocrx_word' id='word_1_64' title='bbox 551 2129 641 2226; x_wconf 84' lang='lat' dir='ltr'>(fide</span> <span class='ocrx_word' id='word_1_65' title='bbox 672 2153 826 2230; x_wconf 87' lang='lat' dir='ltr'>accepta,</span> <span class='ocrx_word' id='word_1_66' title='bbox 861 2129 956 2226; x_wconf 86' lang='lat' dir='ltr'>fore,</span> <span class='ocrx_word' id='word_1_67' title='bbox 990 2154 1025 2209; x_wconf 86' lang='lat' dir='ltr'>vt</span> <span class='ocrx_word' id='word_1_68' title='bbox 1048 2132 1210 2206; x_wconf 83' lang='lat' dir='ltr'>sincerum</span> <span class='ocrx_word' id='word_1_69' title='bbox 1239 2133 1389 2236; x_wconf 85' lang='lat' dir='ltr'>deinceps</span> <span class='ocrx_word' id='word_1_70' title='bbox 1415 2135 1607 2238; x_wconf 87' lang='lat' dir='ltr'>obsequium</span> 
     </span>
     <span class='ocr_line' id='line_1_12' title="bbox 314 2229 1634 2340; baseline 0.001 -27"><span class='ocrx_word' id='word_1_71' title='bbox 314 2244 362 2317; x_wconf 84' lang='lat' dir='ltr'>illi</span> <span class='ocrx_word' id='word_1_72' title='bbox 386 2238 576 2340; x_wconf 80' lang='lat' dir='ltr'>praestaret,</span> <span class='ocrx_word' id='word_1_73' title='bbox 601 2252 698 2330; x_wconf 88' lang='lat' dir='ltr'>atque</span> <span class='ocrx_word' id='word_1_74' title='bbox 723 2229 851 2332; x_wconf 85' lang='lat' dir='ltr'>insuper</span> <span class='ocrx_word' id='word_1_75' title='bbox 876 2255 980 2307; x_wconf 88' lang='lat' dir='ltr'>totam</span> <span class='ocrx_word' id='word_1_76' title='bbox 1004 2233 1197 2318; x_wconf 89' lang='lat' dir='ltr'>Dendram,</span> <span class='ocrx_word' id='word_1_77' title='bbox 1225 2262 1346 2336; x_wconf 84' lang='lat' dir='ltr'>quam,</span> <span class='ocrx_word' id='word_1_78' title='bbox 1372 2243 1418 2312; x_wconf 88' lang='lat' dir='ltr'>vti</span> <span class='ocrx_word' id='word_1_79' title='bbox 1446 2237 1603 2326; x_wconf 72' lang='lat' dir='ltr'>dixitnur,</span> <span class='ocrx_word' id='word_1_80' title='bbox 1630 2231 1634 2240; x_wconf 53' lang='grc'><strong>’</strong></span> 
     </span>
     <span class='ocr_line' id='line_1_13' title="bbox 314 2330 1484 2444; baseline -0.002 -30"><span class='ocrx_word' id='word_1_81' title='bbox 314 2341 520 2444; x_wconf 73' lang='lat' dir='ltr'>possidebat,</span> <span class='ocrx_word' id='word_1_82' title='bbox 546 2330 737 2408; x_wconf 79' lang='lat' dir='ltr'>traditurum</span> <span class='ocrx_word' id='word_1_83' title='bbox 762 2337 943 2433; x_wconf 86' lang='lat' dir='ltr'>Romanis)</span> <span class='ocrx_word' id='word_1_84' title='bbox 970 2337 1236 2438; x_wconf 82' lang='lat' dir='ltr'>Archizupauum</span> <span class='ocrx_word' id='word_1_85' title='bbox 1263 2337 1457 2414; x_wconf 73' lang='lat' dir='ltr'>renuntiati</span> <span class='ocrx_word' id='word_1_86' title='bbox 1465 2341 1484 2412; x_wconf 81' lang='lat' dir='ltr'>l.</span> 
     </span>
    </p>
   </div>
   <div class='ocr_carea' id='block_1_5' title="bbox 907 2541 1010 2640">
    <p class='ocr_par' dir='ltr' id='par_1_6' title="bbox 907 2541 1010 2640">
     <span class='ocr_line' id='line_1_14' title="bbox 907 2541 1010 2640; baseline -0.078 1"><span class='ocrx_word' id='word_1_87' title='bbox 907 2541 938 2640; x_wconf 83' lang='lat' dir='ltr'>i·</span> <span class='ocrx_word' id='word_1_88' title='bbox 966 2566 1010 2637; x_wconf 81' lang='lat' dir='ltr'>sa·</span> 
     </span>
    </p>
   </div>
   <div class='ocr_carea' id='block_1_6' title="bbox 855 2710 1063 2790">
    <p class='ocr_par' dir='ltr' id='par_1_7' title="bbox 855 2710 1063 2790">
     <span class='ocr_line' id='line_1_15' title="bbox 855 2710 1063 2790; baseline 0.024 -13"><span class='ocrx_word' id='word_1_89' title='bbox 855 2710 949 2790; x_wconf 62' lang='lat' dir='ltr'>ae.</span> <span class='ocrx_word' id='word_1_90' title='bbox 981 2711 1063 2784; x_wconf 72' lang='lat'>1162</span> 
     </span>
    </p>
   </div>
   <div class='ocr_carea' id='block_1_7' title="bbox 288 2819 1697 3915">
    <p class='ocr_par' dir='ltr' id='par_1_8' title="bbox 288 2819 1697 3734">
     <span class='ocr_line' id='line_1_16' title="bbox 425 2819 1697 2934; baseline 0.008 -32"><span class='ocrx_word' id='word_1_91' title='bbox 425 2832 477 2922; x_wconf 67' lang='lat' dir='ltr'>a)</span> <span class='ocrx_word' id='word_1_92' title='bbox 504 2831 746 2926; x_wconf 71' lang='lat' dir='ltr'>[turenae-on</span> <span class='ocrx_word' id='word_1_93' title='bbox 773 2827 982 2928; x_wconf 76' lang='lat' dir='ltr'>expeditione</span> <span class='ocrx_word' id='word_1_94' title='bbox 1016 2856 1078 2932; x_wconf 87' lang='lat' dir='ltr'>pro</span> <span class='ocrx_word' id='word_1_95' title='bbox 1105 2819 1295 2932; x_wconf 81' lang='lat' dir='ltr'>Stephano,</span> <span class='ocrx_word' id='word_1_96' title='bbox 1332 2859 1431 2934; x_wconf 87' lang='lat' dir='ltr'>quem</span> <span class='ocrx_word' id='word_1_97' title='bbox 1457 2833 1607 2934; x_wconf 86' lang='lat' dir='ltr'>Hungari</span> <span class='ocrx_word' id='word_1_98' title='bbox 1643 2827 1697 2916; x_wconf 68' lang='lat'>393</span> 
     </span>
     <span class='ocr_line' id='line_1_17' title="bbox 309 2926 1614 3038; baseline 0.001 -31"><span class='ocrx_word' id='word_1_99' title='bbox 309 2963 419 3038; x_wconf 85' lang='lat' dir='ltr'>regno</span> <span class='ocrx_word' id='word_1_100' title='bbox 446 2931 606 3031; x_wconf 79' lang='lat' dir='ltr'>depellere</span> <span class='ocrx_word' id='word_1_101' title='bbox 630 2931 806 3028; x_wconf 87' lang='lat' dir='ltr'>parabant,</span> <span class='ocrx_word' id='word_1_102' title='bbox 839 2926 1003 3030; x_wconf 81' lang='lat' dir='ltr'>suscepta]</span> <span class='ocrx_word' id='word_1_103' title='bbox 1034 2933 1088 3006; x_wconf 86' lang='lat' dir='ltr'>vbi</span> <span class='ocrx_word' id='word_1_104' title='bbox 1110 2931 1150 3004; x_wconf 91' lang='lat' dir='ltr'>ad</span> <span class='ocrx_word' id='word_1_105' title='bbox 1178 2929 1318 3006; x_wconf 88' lang='lat' dir='ltr'>Naesum</span> <span class='ocrx_word' id='word_1_106' title='bbox 1344 2937 1456 3012; x_wconf 88' lang='lat' dir='ltr'>vrbem</span> <span class='ocrx_word' id='word_1_107' title='bbox 1489 2927 1614 3036; x_wconf 49' lang='lat' dir='ltr'>perae}</span> 
     </span>
     <span class='ocr_line' id='line_1_18' title="bbox 288 3025 1602 3128; baseline 0.005 -28"><span class='ocrx_word' id='word_1_108' title='bbox 288 3045 388 3120; x_wconf 64' lang='lat' dir='ltr'>m,</span> <span class='ocrx_word' id='word_1_109' title='bbox 414 3039 561 3107; x_wconf 86' lang='lat' dir='ltr'>animum</span> <span class='ocrx_word' id='word_1_110' title='bbox 586 3025 678 3102; x_wconf 84' lang='lat' dir='ltr'>subiit</span> <span class='ocrx_word' id='word_1_111' title='bbox 703 3034 880 3128; x_wconf 83' lang='lat' dir='ltr'>cogitatio,</span> <span class='ocrx_word' id='word_1_112' title='bbox 903 3037 1034 3104; x_wconf 86' lang='lat' dir='ltr'>interim</span> <span class='ocrx_word' id='word_1_113' title='bbox 1059 3030 1139 3104; x_wconf 84' lang='lat' dir='ltr'>dum</span> <span class='ocrx_word' id='word_1_114' title='bbox 1165 3031 1229 3105; x_wconf 89' lang='lat' dir='ltr'>illic</span> <span class='ocrx_word' id='word_1_115' title='bbox 1253 3034 1349 3106; x_wconf 85' lang='lat' dir='ltr'>caslra</span> <span class='ocrx_word' id='word_1_116' title='bbox 1373 3039 1526 3118; x_wconf 88' lang='lat' dir='ltr'>haberet,</span> <span class='ocrx_word' id='word_1_117' title='bbox 1553 3061 1602 3107; x_wconf 85' lang='lat' dir='ltr'>ret</span> 
     </span>
     <span class='ocr_line' id='line_1_19' title="bbox 308 3127 1603 3234; baseline -0.007 -24"><span class='ocrx_word' id='word_1_118' title='bbox 308 3143 410 3210; x_wconf 83' lang='lat' dir='ltr'>etiam</span> <span class='ocrx_word' id='word_1_119' title='bbox 439 3140 582 3208; x_wconf 78' lang='lat' dir='ltr'>Senticas</span> <span class='ocrx_word' id='word_1_120' title='bbox 606 3157 646 3204; x_wconf 86' lang='lat' dir='ltr'>ex</span> <span class='ocrx_word' id='word_1_121' title='bbox 670 3127 808 3202; x_wconf 87' lang='lat' dir='ltr'>edieudi.</span> <span class='ocrx_word' id='word_1_122' title='bbox 832 3137 895 3213; x_wconf 62' lang='lat' dir='ltr'>‚In</span> <span class='ocrx_word' id='word_1_123' title='bbox 920 3153 1089 3230; x_wconf 85' lang='lat' dir='ltr'>atramque</span> <span class='ocrx_word' id='word_1_124' title='bbox 1114 3137 1202 3205; x_wconf 88' lang='lat' dir='ltr'>enirn</span> <span class='ocrx_word' id='word_1_125' title='bbox 1227 3139 1419 3234; x_wconf 79' lang='lat' dir='ltr'>regionem,</span> <span class='ocrx_word' id='word_1_126' title='bbox 1444 3139 1603 3220; x_wconf 78' lang='lat' dir='ltr'>Pannoni·</span> 
     </span>
     <span class='ocr_line' id='line_1_20' title="bbox 309 3157 1604 3334; baseline -0.004 -23"><span class='ocrx_word' id='word_1_127' title='bbox 309 3265 370 3311; x_wconf 86' lang='lat' dir='ltr'>arn</span> <span class='ocrx_word' id='word_1_128' title='bbox 394 3256 427 3309; x_wconf 87' lang='lat' dir='ltr'>et</span> <span class='ocrx_word' id='word_1_129' title='bbox 441 3239 611 3314; x_wconf 79' lang='lat' dir='ltr'>Seruium,</span> <span class='ocrx_word' id='word_1_130' title='bbox 636 3157 826 3303; x_wconf 66' lang='lat' dir='ltr'>&lt;linitionis</span> <span class='ocrx_word' id='word_1_131' title='bbox 850 3232 930 3317; x_wconf 89' lang='lat' dir='ltr'>isle,</span> <span class='ocrx_word' id='word_1_132' title='bbox 955 3229 1124 3332; x_wconf 88' lang='lat' dir='ltr'>indeque,</span> <span class='ocrx_word' id='word_1_133' title='bbox 1150 3259 1226 3304; x_wconf 90' lang='lat' dir='ltr'>cum</span> <span class='ocrx_word' id='word_1_134' title='bbox 1254 3241 1457 3334; x_wconf 89' lang='lat' dir='ltr'>oportuerit,</span> <span class='ocrx_word' id='word_1_135' title='bbox 1483 3253 1604 3308; x_wconf 80' lang='lat' dir='ltr'>vtram·</span> 
     </span>
     <span class='ocr_line' id='line_1_21' title="bbox 309 3328 1601 3439; baseline -0.002 -29"><span class='ocrx_word' id='word_1_136' title='bbox 309 3366 379 3439; x_wconf 87' lang='lat' dir='ltr'>que</span> <span class='ocrx_word' id='word_1_137' title='bbox 401 3332 530 3436; x_wconf 85' lang='lat' dir='ltr'>ingredi</span> <span class='ocrx_word' id='word_1_138' title='bbox 549 3334 625 3408; x_wconf 89' lang='lat' dir='ltr'>licet</span> <span class='ocrx_word' id='word_1_139' title='bbox 649 3359 688 3403; x_wconf 86' lang='lat' dir='ltr'>ac</span> <span class='ocrx_word' id='word_1_140' title='bbox 712 3328 871 3406; x_wconf 81' lang='lat' dir='ltr'>incessere.</span> <span class='ocrx_word' id='word_1_141' title='bbox 920 3329 1005 3406; x_wconf 86' lang='lat' dir='ltr'>Dese</span> <span class='ocrx_word' id='word_1_142' title='bbox 1032 3339 1144 3414; x_wconf 85' lang='lat' dir='ltr'>enim,</span> <span class='ocrx_word' id='word_1_143' title='bbox 1177 3339 1231 3432; x_wconf 88' lang='lat' dir='ltr'>qui</span> <span class='ocrx_word' id='word_1_144' title='bbox 1255 3341 1456 3436; x_wconf 86' lang='lat' dir='ltr'>imperatoris</span> <span class='ocrx_word' id='word_1_145' title='bbox 1481 3333 1601 3408; x_wconf 87' lang='lat' dir='ltr'>benefi-</span> 
     </span>
     <span class='ocr_line' id='line_1_22' title="bbox 309 3433 1599 3536; baseline -0.004 -24"><span class='ocrx_word' id='word_1_146' title='bbox 309 3445 367 3516; x_wconf 90' lang='lat' dir='ltr'>cio</span> <span class='ocrx_word' id='word_1_147' title='bbox 392 3441 521 3509; x_wconf 84' lang='lat' dir='ltr'>Seruiae</span> <span class='ocrx_word' id='word_1_148' title='bbox 548 3456 620 3507; x_wconf 90' lang='lat' dir='ltr'>tum</span> <span class='ocrx_word' id='word_1_149' title='bbox 645 3433 868 3530; x_wconf 83' lang='lat' dir='ltr'>imperitabat,</span> <span class='ocrx_word' id='word_1_150' title='bbox 895 3433 1068 3534; x_wconf 83' lang='lat' dir='ltr'>postquam</span> <span class='ocrx_word' id='word_1_151' title='bbox 1092 3438 1310 3533; x_wconf 83' lang='lat' dir='ltr'>principatum</span> <span class='ocrx_word' id='word_1_152' title='bbox 1325 3437 1485 3517; x_wconf 86' lang='lat' dir='ltr'>obtin-uit,</span> <span class='ocrx_word' id='word_1_153' title='bbox 1512 3433 1599 3536; x_wconf 83' lang='lat' dir='ltr'>poll·</span> 
     </span>
     <span class='ocr_line' id='line_1_23' title="bbox 309 3529 1599 3636; baseline -0.002 -26"><span class='ocrx_word' id='word_1_154' title='bbox 309 3541 425 3614; x_wconf 82' lang='lat' dir='ltr'>habitis</span> <span class='ocrx_word' id='word_1_155' title='bbox 449 3539 573 3635; x_wconf 76' lang='lat' dir='ltr'>padlis,</span> <span class='ocrx_word' id='word_1_156' title='bbox 604 3531 774 3606; x_wconf 88' lang='lat' dir='ltr'>Dendram</span> <span class='ocrx_word' id='word_1_157' title='bbox 805 3539 976 3633; x_wconf 83' lang='lat' dir='ltr'>regionem</span> <span class='ocrx_word' id='word_1_158' title='bbox 1010 3529 1119 3606; x_wconf 89' lang='lat' dir='ltr'>denuo</span> <span class='ocrx_word' id='word_1_159' title='bbox 1158 3555 1394 3634; x_wconf 85' lang='lat' dir='ltr'>occupauerat,</span> <span class='ocrx_word' id='word_1_160' title='bbox 1427 3529 1599 3636; x_wconf 83' lang='lat' dir='ltr'>spretoque</span> 
     </span>
     <span class='ocr_line' id='line_1_24' title="bbox 308 3627 1600 3734; baseline -0.005 -21"><span class='ocrx_word' id='word_1_161' title='bbox 308 3645 546 3719; x_wconf 85' lang='lat' dir='ltr'>Romanorum</span> <span class='ocrx_word' id='word_1_162' title='bbox 578 3639 718 3732; x_wconf 83' lang='lat' dir='ltr'>imperio</span> <span class='ocrx_word' id='word_1_163' title='bbox 749 3627 945 3734; x_wconf 81' lang='lat' dir='ltr'>legationem</span> <span class='ocrx_word' id='word_1_164' title='bbox 982 3631 1107 3707; x_wconf 85' lang='lat' dir='ltr'>miserat</span> <span class='ocrx_word' id='word_1_165' title='bbox 1139 3631 1181 3705; x_wconf 88' lang='lat' dir='ltr'>ad</span> <span class='ocrx_word' id='word_1_166' title='bbox 1206 3635 1427 3719; x_wconf 87' lang='lat' dir='ltr'>Alernannos,</span> <span class='ocrx_word' id='word_1_167' title='bbox 1458 3655 1492 3711; x_wconf 91' lang='lat' dir='ltr'>vt</span> <span class='ocrx_word' id='word_1_168' title='bbox 1523 3633 1600 3708; x_wconf 88' lang='lat' dir='ltr'>inde</span> 
     </span>
    </p>

    <p class='ocr_par' dir='ltr' id='par_1_9' title="bbox 306 3731 1600 3912">
     <span class='ocr_line' id='line_1_25' title="bbox 306 3731 1600 3912; baseline -0.005 -95"><span class='ocrx_word' id='word_1_169' title='bbox 306 3741 370 3817; x_wconf 84' lang='lat' dir='ltr'>fibi</span> <span class='ocrx_word' id='word_1_170' title='bbox 395 3765 536 3816; x_wconf 73' lang='lat' dir='ltr'>uxorem</span> <span class='ocrx_word' id='word_1_171' title='bbox 560 3731 752 3818; x_wconf 86' lang='lat' dir='ltr'>accerseret,</span> <span class='ocrx_word' id='word_1_172' title='bbox 787 3755 819 3807; x_wconf 87' lang='lat' dir='ltr'>et</span> <span class='ocrx_word' id='word_1_173' title='bbox 845 3733 1000 3836; x_wconf 85' lang='lat' dir='ltr'>quidquid</span> <span class='ocrx_word' id='word_1_174' title='bbox 1034 3739 1193 3816; x_wconf 82' lang='lat' dir='ltr'>Romanis</span> <span class='ocrx_word' id='word_1_175' title='bbox 1226 3733 1425 3840; x_wconf 84' lang='lat' dir='ltr'>displiceret,</span> <span class='ocrx_word' id='word_1_176' title='bbox 1459 3740 1600 3912; x_wconf 70' lang='lat' dir='ltr'>otrprino</span> 
     </span>
    </p>

    <p class='ocr_par' dir='ltr' id='par_1_10' title="bbox 347 3862 1665 3915">
     <span class='ocr_line' id='line_1_26' title="bbox 347 3862 1665 3915; baseline 0.005 -5"><span class='ocrx_word' id='word_1_177' title='bbox 347 3869 351 3876; x_wconf 94' lang='lat'>·</span> <span class='ocrx_word' id='word_1_178' title='bbox 942 3875 950 3893; x_wconf 73' lang='lat'>=</span> <span class='ocrx_word' id='word_1_179' title='bbox 1517 3862 1597 3915; x_wconf 75' lang='lat' dir='ltr'>acre·</span> <span class='ocrx_word' id='word_1_180' title='bbox 1662 3866 1665 3870; x_wconf 83' lang='grc'><strong>’</strong></span> 
     </span>
    </p>
   </div>
   <div class='ocr_carea' id='block_1_8' title="bbox 352 4034 1659 4723">
    <p class='ocr_par' dir='ltr' id='par_1_11' title="bbox 352 4034 1659 4723">
     <span class='ocr_line' id='line_1_27' title="bbox 352 4034 1597 4124; baseline -0.002 -20"><span class='ocrx_word' id='word_1_181' title='bbox 352 4039 391 4104; x_wconf 70' lang='lat'>⁸)</span> <span class='ocrx_word' id='word_1_182' title='bbox 412 4050 589 4101; x_wconf 63' lang='lat' dir='ltr'>arcense</span> <span class='ocrx_word' id='word_1_183' title='bbox 611 4040 647 4105; x_wconf 74' lang='lat' dir='ltr'>Ia</span> <span class='ocrx_word' id='word_1_184' title='bbox 670 4034 932 4123; x_wconf 82' lang='lat' dir='ltr'>[Imp.·Emanuel</span> <span class='ocrx_word' id='word_1_185' title='bbox 953 4039 1082 4117; x_wconf 73' lang='lat' dir='ltr'>Cotum]</span> <span class='ocrx_word' id='word_1_186' title='bbox 1110 4035 1220 4123; x_wconf 82' lang='lat' dir='ltr'>Desem</span> <span class='ocrx_word' id='word_1_187' title='bbox 1244 4039 1383 4114; x_wconf 77' lang='lat' dir='ltr'>alturus,</span> <span class='ocrx_word' id='word_1_188' title='bbox 1411 4039 1463 4124; x_wconf 85' lang='lat' dir='ltr'>qui</span> <span class='ocrx_word' id='word_1_189' title='bbox 1481 4039 1597 4122; x_wconf 78' lang='lat' dir='ltr'>priori·</span> 
     </span>
     <span class='ocr_line' id='line_1_28' title="bbox 449 4121 1599 4206; baseline -0.002 -17"><span class='ocrx_word' id='word_1_190' title='bbox 449 4124 506 4189; x_wconf 86' lang='lat' dir='ltr'>bus</span> <span class='ocrx_word' id='word_1_191' title='bbox 527 4123 721 4206; x_wconf 81' lang='lat' dir='ltr'>facinoribus</span> <span class='ocrx_word' id='word_1_192' title='bbox 750 4127 873 4188; x_wconf 84' lang='lat' dir='ltr'>maiora</span> <span class='ocrx_word' id='word_1_193' title='bbox 895 4121 1011 4205; x_wconf 79' lang='lat' dir='ltr'>scelera</span> <span class='ocrx_word' id='word_1_194' title='bbox 1036 4127 1217 4201; x_wconf 81' lang='lat' dir='ltr'>adiecerat,</span> <span class='ocrx_word' id='word_1_195' title='bbox 1248 4126 1280 4188; x_wconf 87' lang='lat' dir='ltr'>in</span> <span class='ocrx_word' id='word_1_196' title='bbox 1297 4123 1441 4188; x_wconf 79' lang='lat' dir='ltr'>Seruium</span> <span class='ocrx_word' id='word_1_197' title='bbox 1471 4122 1599 4188; x_wconf 76' lang='lat' dir='ltr'>intendit</span> 
     </span>
     <span class='ocr_line' id='line_1_29' title="bbox 448 4209 1599 4295; baseline -0.002 -21"><span class='ocrx_word' id='word_1_198' title='bbox 448 4215 594 4274; x_wconf 75' lang='lat' dir='ltr'>anianum.</span> <span class='ocrx_word' id='word_1_199' title='bbox 637 4212 700 4276; x_wconf 83' lang='lat' dir='ltr'>Sed</span> <span class='ocrx_word' id='word_1_200' title='bbox 719 4209 813 4294; x_wconf 82' lang='lat' dir='ltr'>Desas</span> <span class='ocrx_word' id='word_1_201' title='bbox 844 4210 940 4272; x_wconf 75' lang='lat' dir='ltr'>merito</span> <span class='ocrx_word' id='word_1_202' title='bbox 969 4221 1040 4275; x_wconf 84' lang='lat' dir='ltr'>ante</span> <span class='ocrx_word' id='word_1_203' title='bbox 1059 4209 1240 4295; x_wconf 74' lang='lat' dir='ltr'>obseruare,</span> <span class='ocrx_word' id='word_1_204' title='bbox 1265 4209 1339 4294; x_wconf 83' lang='lat' dir='ltr'>qaid</span> <span class='ocrx_word' id='word_1_205' title='bbox 1362 4218 1525 4289; x_wconf 74' lang='lat' dir='ltr'>ageratm,</span> <span class='ocrx_word' id='word_1_206' title='bbox 1543 4211 1599 4289; x_wconf 79' lang='lat' dir='ltr'>at,</span> 
     </span>
     <span class='ocr_line' id='line_1_30' title="bbox 449 4293 1659 4380; baseline -0.005 -18"><span class='ocrx_word' id='word_1_207' title='bbox 449 4296 486 4362; x_wconf 80' lang='lat' dir='ltr'>id</span> <span class='ocrx_word' id='word_1_208' title='bbox 507 4295 589 4380; x_wconf 80' lang='lat' dir='ltr'>quad</span> <span class='ocrx_word' id='word_1_209' title='bbox 606 4317 657 4362; x_wconf 80' lang='lat' dir='ltr'>res</span> <span class='ocrx_word' id='word_1_210' title='bbox 678 4307 764 4372; x_wconf 69' lang='lat' dir='ltr'>aar,</span> <span class='ocrx_word' id='word_1_211' title='bbox 792 4298 931 4360; x_wconf 83' lang='lat' dir='ltr'>maxime</span> <span class='ocrx_word' id='word_1_212' title='bbox 955 4299 1090 4372; x_wconf 80' lang='lat' dir='ltr'>timens,</span> <span class='ocrx_word' id='word_1_213' title='bbox 1123 4319 1184 4376; x_wconf 83' lang='lat' dir='ltr'>na,</span> <span class='ocrx_word' id='word_1_214' title='bbox 1206 4297 1237 4376; x_wconf 83' lang='lat' dir='ltr'><em>fi</em></span> <span class='ocrx_word' id='word_1_215' title='bbox 1260 4299 1430 4379; x_wconf 80' lang='lat' dir='ltr'>imperator</span> <span class='ocrx_word' id='word_1_216' title='bbox 1457 4293 1596 4380; x_wconf 80' lang='lat' dir='ltr'>impreffi·</span> <span class='ocrx_word' id='word_1_217' title='bbox 1657 4317 1659 4322; x_wconf 47' lang='lat'><strong>¹</strong></span> 
     </span>
     <span class='ocr_line' id='line_1_31' title="bbox 447 4379 1597 4469; baseline 0 -25"><span class='ocrx_word' id='word_1_218' title='bbox 447 4401 533 4444; x_wconf 80' lang='lat' dir='ltr'>ouem</span> <span class='ocrx_word' id='word_1_219' title='bbox 556 4385 589 4445; x_wconf 79' lang='lat' dir='ltr'>ira</span> <span class='ocrx_word' id='word_1_220' title='bbox 605 4383 749 4447; x_wconf 80' lang='lat' dir='ltr'>Seruium</span> <span class='ocrx_word' id='word_1_221' title='bbox 759 4380 896 4469; x_wconf 79' lang='lat' dir='ltr'>faeiffai,</span> <span class='ocrx_word' id='word_1_222' title='bbox 918 4386 1051 4462; x_wconf 82' lang='lat' dir='ltr'>grauius</span> <span class='ocrx_word' id='word_1_223' title='bbox 1070 4383 1189 4469; x_wconf 81' lang='lat' dir='ltr'>aliquid</span> <span class='ocrx_word' id='word_1_224' title='bbox 1205 4379 1265 4466; x_wconf 72' lang='lat' dir='ltr'>flet</span> <span class='ocrx_word' id='word_1_225' title='bbox 1290 4379 1457 4446; x_wconf 80' lang='lat' dir='ltr'>acciderat:</span> <span class='ocrx_word' id='word_1_226' title='bbox 1482 4391 1540 4463; x_wconf 75' lang='lat' dir='ltr'>per</span> <span class='ocrx_word' id='word_1_227' title='bbox 1559 4381 1597 4444; x_wconf 79' lang='lat' dir='ltr'>ie·</span> 
     </span>
     <span class='ocr_line' id='line_1_32' title="bbox 444 4463 1597 4551; baseline -0.001 -21"><span class='ocrx_word' id='word_1_228' title='bbox 444 4480 543 4548; x_wconf 83' lang='lat' dir='ltr'>gatos</span> <span class='ocrx_word' id='word_1_229' title='bbox 552 4468 683 4550; x_wconf 78' lang='lat' dir='ltr'>supplex</span> <span class='ocrx_word' id='word_1_230' title='bbox 699 4471 810 4551; x_wconf 77' lang='lat' dir='ltr'>petiit,</span> <span class='ocrx_word' id='word_1_231' title='bbox 836 4479 869 4531; x_wconf 86' lang='lat' dir='ltr'>vt</span> <span class='ocrx_word' id='word_1_232' title='bbox 892 4470 1110 4549; x_wconf 79' lang='lat' dir='ltr'>imperatorem</span> <span class='ocrx_word' id='word_1_233' title='bbox 1129 4471 1211 4533; x_wconf 85' lang='lat' dir='ltr'>citra</span> <span class='ocrx_word' id='word_1_234' title='bbox 1226 4469 1394 4550; x_wconf 77' lang='lat' dir='ltr'>periculum</span> <span class='ocrx_word' id='word_1_235' title='bbox 1416 4463 1507 4532; x_wconf 73' lang='lat' dir='ltr'>adite</span> <span class='ocrx_word' id='word_1_236' title='bbox 1530 4466 1597 4530; x_wconf 82' lang='lat' dir='ltr'>lice·</span> 
     </span>
     <span class='ocr_line' id='line_1_33' title="bbox 447 4550 1595 4638; baseline -0.003 -22"><span class='ocrx_word' id='word_1_237' title='bbox 447 4563 505 4618; x_wconf 84' lang='lat' dir='ltr'>rei.</span> <span class='ocrx_word' id='word_1_238' title='bbox 550 4552 617 4638; x_wconf 79' lang='lat' dir='ltr'>Qua</span> <span class='ocrx_word' id='word_1_239' title='bbox 640 4556 824 4635; x_wconf 79' lang='lat' dir='ltr'>impetrato,</span> <span class='ocrx_word' id='word_1_240' title='bbox 846 4573 914 4616; x_wconf 84' lang='lat' dir='ltr'>cam</span> <span class='ocrx_word' id='word_1_241' title='bbox 927 4551 1089 4636; x_wconf 71' lang='lat' dir='ltr'>satrapiae</span> <span class='ocrx_word' id='word_1_242' title='bbox 1108 4555 1257 4618; x_wconf 76' lang='lat' dir='ltr'>canitura</span> <span class='ocrx_word' id='word_1_243' title='bbox 1276 4550 1485 4628; x_wconf 51' lang='lat' dir='ltr'>adordinati</span> <span class='ocrx_word' id='word_1_244' title='bbox 1503 4553 1595 4633; x_wconf 80' lang='lat' dir='ltr'>impr·</span> 
     </span>
     <span class='ocr_line' id='line_1_34' title="bbox 447 4636 1595 4723; baseline -0.001 -20"><span class='ocrx_word' id='word_1_245' title='bbox 447 4648 587 4704; x_wconf 78' lang='lat' dir='ltr'>retorem</span> <span class='ocrx_word' id='word_1_246' title='bbox 608 4637 793 4705; x_wconf 74' lang='lat' dir='ltr'>adducitur:</span> <span class='ocrx_word' id='word_1_247' title='bbox 814 4641 867 4722; x_wconf 74' lang='lat' dir='ltr'>qur·</span> <span class='ocrx_word' id='word_1_248' title='bbox 888 4636 1023 4723; x_wconf 68' lang='lat' dir='ltr'>dolosam</span> <span class='ocrx_word' id='word_1_249' title='bbox 1045 4641 1200 4721; x_wconf 77' lang='lat' dir='ltr'>ingenium</span> <span class='ocrx_word' id='word_1_250' title='bbox 1227 4641 1254 4704; x_wconf 81' lang='lat' dir='ltr'>ei</span> <span class='ocrx_word' id='word_1_251' title='bbox 1277 4636 1410 4712; x_wconf 79' lang='lat' dir='ltr'>abiicit,</span> <span class='ocrx_word' id='word_1_252' title='bbox 1432 4637 1468 4702; x_wconf 81' lang='lat' dir='ltr'>ai</span> <span class='ocrx_word' id='word_1_253' title='bbox 1484 4653 1595 4720; x_wconf 80' lang='lat' dir='ltr'>pacem</span> 
     </span>
    </p>
   </div>
   <div class='ocr_carea' id='block_1_9' title="bbox 356 4787 1505 4923">
    <p class='ocr_par' dir='ltr' id='par_1_12' title="bbox 356 4787 1505 4923">
     <span class='ocr_line' id='line_1_35' title="bbox 356 4787 1505 4923; baseline -0.015 -21"><span class='ocrx_word' id='word_1_254' title='bbox 356 4831 404 4923; x_wconf 74' lang='lat' dir='ltr'>d)</span> <span class='ocrx_word' id='word_1_255' title='bbox 430 4839 527 4911; x_wconf 78' lang='grc' dir='ltr'><strong>Δεσε.</strong></span> <span class='ocrx_word' id='word_1_256' title='bbox 712 4845 715 4855; x_wconf 90' lang='grc'><strong>’</strong></span> <span class='ocrx_word' id='word_1_257' title='bbox 977 4846 1030 4911; x_wconf 85' lang='lat' dir='ltr'>pra</span> <span class='ocrx_word' id='word_1_258' title='bbox 1055 4833 1081 4906; x_wconf 86' lang='lat'>§.</span> <span class='ocrx_word' id='word_1_259' title='bbox 1103 4839 1149 4900; x_wconf 83' lang='lat'>48.</span> <span class='ocrx_word' id='word_1_260' title='bbox 1175 4845 1210 4888; x_wconf 78' lang='lat' dir='ltr'>ex</span> <span class='ocrx_word' id='word_1_261' title='bbox 1232 4787 1375 4885; x_wconf 81' lang='lat' dir='ltr'>Cinnamo</span> <span class='ocrx_word' id='word_1_262' title='bbox 1403 4819 1505 4885; x_wconf 86' lang='lat' dir='ltr'>adtuli.</span> 
     </span>
    </p>
   </div>
   <div class='ocr_carea' id='block_1_10' title="bbox 335 4919 1594 5118">
    <p class='ocr_par' dir='ltr' id='par_1_13' title="bbox 335 4919 1594 5118">
     <span class='ocr_line' id='line_1_36' title="bbox 356 4919 1594 5025; baseline -0.002 -23"><span class='ocrx_word' id='word_1_263' title='bbox 356 4936 393 5025; x_wconf 82' lang='lat' dir='ltr'>e)</span> <span class='ocrx_word' id='word_1_264' title='bbox 421 4929 441 5016; x_wconf 77' lang='lat' dir='ltr'>ri</span> <span class='ocrx_word' id='word_1_265' title='bbox 467 4939 608 5007; x_wconf 70' lang='lat' dir='ltr'>Neratii</span> <span class='ocrx_word' id='word_1_266' title='bbox 635 4919 822 5022; x_wconf 65' lang='grc' dir='ltr'>ἒκγεῖἶονων</span> <span class='ocrx_word' id='word_1_267' title='bbox 851 4931 928 5010; x_wconf 72' lang='grc' dir='ltr'>ε’ςιν.</span> <span class='ocrx_word' id='word_1_268' title='bbox 1020 4958 1061 5014; x_wconf 79' lang='lat'>39·</span> <span class='ocrx_word' id='word_1_269' title='bbox 1087 4953 1286 5001; x_wconf 39' lang='lat' dir='ltr'>crnumarvsx</span> <span class='ocrx_word' id='word_1_270' title='bbox 1305 4959 1334 5024; x_wconf 85' lang='lat' dir='ltr'>p.</span> <span class='ocrx_word' id='word_1_271' title='bbox 1355 4954 1409 5016; x_wconf 79' lang='lat'>123,</span> <span class='ocrx_word' id='word_1_272' title='bbox 1436 4952 1496 5013; x_wconf 85' lang='lat'>124.</span> <span class='ocrx_word' id='word_1_273' title='bbox 1538 4935 1594 5001; x_wconf 85' lang='lat' dir='ltr'>Ni·</span> 
     </span>
     <span class='ocr_line' id='line_1_37' title="bbox 335 5025 1277 5118; baseline -0.008 -23"><span class='ocrx_word' id='word_1_274' title='bbox 335 5031 389 5118; x_wconf 87' lang='lat' dir='ltr'>s)</span> <span class='ocrx_word' id='word_1_275' title='bbox 411 5035 477 5094; x_wconf 85' lang='lat' dir='ltr'>Huc</span> <span class='ocrx_word' id='word_1_276' title='bbox 499 5029 577 5096; x_wconf 79' lang='lat' dir='ltr'>forte</span> <span class='ocrx_word' id='word_1_277' title='bbox 598 5032 761 5116; x_wconf 83' lang='lat' dir='ltr'>pertinent,</span> <span class='ocrx_word' id='word_1_278' title='bbox 787 5049 861 5114; x_wconf 86' lang='lat' dir='ltr'>qaae</span> <span class='ocrx_word' id='word_1_279' title='bbox 885 5027 930 5092; x_wconf 86' lang='lat' dir='ltr'>su·</span> <span class='ocrx_word' id='word_1_280' title='bbox 978 5042 1031 5100; x_wconf 80' lang='lat' dir='ltr'>cet,</span> <span class='ocrx_word' id='word_1_281' title='bbox 1056 5025 1152 5096; x_wconf 83' lang='lat' dir='ltr'>Chon.</span> <span class='ocrx_word' id='word_1_282' title='bbox 1177 5047 1211 5111; x_wconf 79' lang='lat' dir='ltr'>p.</span> <span class='ocrx_word' id='word_1_283' title='bbox 1232 5037 1277 5102; x_wconf 79' lang='lat'>89.</span> 
     </span>
    </p>
   </div>
   <div class='ocr_carea' id='block_1_11' title="bbox 928 5147 1002 5219">
    <p class='ocr_par' dir='ltr' id='par_1_14' title="bbox 928 5147 1002 5219">
     <span class='ocr_line' id='line_1_38' title="bbox 928 5147 1002 5219; baseline -0.068 0"><span class='ocrx_word' id='word_1_284' title='bbox 928 5147 1002 5219; x_wconf 78' lang='lat' dir='ltr'>Aa</span> 
     </span>
    </p>
   </div>
   <div class='ocr_carea' id='block_1_12' title="bbox 1812 4541 1830 4583">
    <p class='ocr_par' dir='ltr' id='par_1_15' title="bbox 1812 4541 1830 4583">
     <span class='ocr_line' id='line_1_39' title="bbox 1812 4541 1830 4583; baseline 0 0"><span class='ocrx_word' id='word_1_285' title='bbox 1812 4541 1830 4583; x_wconf 81' lang='lat' dir='ltr'><strong><em>s</em></strong></span> 
     </span>
    </p>
   </div>
   <div class='ocr_carea' id='block_1_13' title="bbox 0 0 2326 6992">
    <p class='ocr_par' dir='ltr' id='par_1_16' title="bbox 0 0 2326 6992">
     <span class='ocr_line' id='line_1_40' title="bbox 0 0 2326 6992; baseline 0 2"><span class='ocrx_word' id='word_1_286' title='bbox 0 0 2326 6992; x_wconf 95' lang='lat' dir='ltr'> </span> 
     </span>
    </p>
   </div>
  </div>
 </body>
</html>
