4642 6992
785 1218 1104 1295 curu-run
1278 1218 1284 1229 ·
1377 1200 1384 1227 ’
1503 1250 1589 1323 ⁴337

673 1371 696 1381 --
775 1448 804 1497 a
830 1423 1108 1515 01389-1410.
1167 1454 1172 1461 v

291 1544 404 1655 ginta,
437 1533 585 1636 plurimis
607 1533 775 1619 tentoriis,
810 1559 892 1632 quae
916 1562 959 1609 eo
985 1536 1162 1611 aduexerat
1173 1538 1228 1627 ὅ),
1262 1562 1323 1636 per
1347 1539 1518 1613 circuitum
1550 1537 1588 1613 fi·
1720 1606 1723 1610 .

291 1650 338 1716 xis
351 1669 372 1723 ‚·
388 1664 422 1708 ιιι
447 1636 560 1738 quibus
586 1631 762 1729 Srytbarl’l
786 1638 980 1735 Turnique,
1005 1658 1171 1738 quotquot
1198 1638 1389 1738 pastoralem
1417 1644 1516 1715 vitam
1541 1635 1588 1713 se·

263 1758 459 1845 quantur,
485 1762 584 1838 quarn
609 1730 789 1808 suauiffime
816 1734 965 1836 degturt:
997 1737 1199 1837 allidenrque
1226 1744 1318 1823 urbi,
1337 1744 1492 1823 intentus
1527 1765 1587 1841 op·

289 1842 483 1946 pugnarioni
510 1833 689 1909 insistebat:
722 1857 756 1910 et
780 1834 886 1910 studm
912 1838 1149 1941 expugnandae
1176 1840 1260 1913 vrbis
1286 1838 1477 1926 adstridiur,
1504 1848 1586 1914 acci·
1634 1904 1637 1909 .

290 1951 337 2045 pit
361 1941 507 2014 bostium
530 1934 718 2012 aduentum.
770 1937 892 2039 Deligit
916 1944 1077 2038 igiturex
1102 1936 1163 2013 suis
1189 1944 1421 2042 ot‘lingentou,
1452 1944 1587 2017 uoltur-

289 2052 400 2143 nirque
426 2042 590 2114 itineribus
618 2045 723 2137 prima
745 2065 860 2112 aurora
885 2041 927 2113 ad
953 2041 1097 2117 bolliam
1124 2039 1223 2114 castra
1250 2048 1405 2143 peruenit.
1442 2048 1509 2117 Eos
1530 2044 1586 2118 de·

289 2142 462 2246 prehendit
495 2168 558 2215 nec
591 2134 695 2215 solitar
724 2138 845 2241 vigilias
877 2143 1056 2231 obeuntes,
1085 2142 1263 2247 laxatisque
1287 2138 1439 2217 custodiis
1466 2138 1586 2219 effusor

289 2252 445 2322 Taenaro
472 2242 576 2317 fluuio
603 2241 767 2339 praebenti
795 2268 913 2344 aquam
949 2266 1031 2343 potu
1063 2243 1199 2345 quidem
1234 2242 1405 2345 pellimam
1418 2258 1427 2295 ¹
1441 2252 1476 2329 l,
1511 2270 1587 2319 ean·

289 2347 364 2434 dem
388 2372 472 2422 vero
500 2363 533 2416 et
557 2337 809 2415 saluberrimam.
858 2343 993 2427 bellatis
1016 2368 1146 2445 tempus
1170 2366 1262 2431 erar,
1289 2372 1357 2447 quo
1383 2372 1447 2418 nec
1472 2372 1588 2431 arma,

264 2476 348 2524 nec
371 2472 478 2546 equos
502 2439 640 2543 perinde
665 2444 844 2529 curabant,
871 2467 1017 2544 putantes
1044 2444 1075 2520 se
1101 2444 1281 2546 planiss‘rme
1308 2449 1347 2521 ab
1373 2445 1519 2520 hostium
1538 2455 1586 2520 in·

290 2546 490 2623 mrfionibur
515 2540 643 2617 securos
676 2563 709 2617 er
734 2562 828 2618 tutos.
879 2552 951 2620 Hor
980 2574 1044 2620 nec
1075 2553 1268 2647 opinantes,
1300 2552 1391 2644 etin
1418 2552 1586 2623 Germanii

287 2656 424 2750 regione
449 2653 484 2718 in
506 2646 667 2719 luxuriam
692 2638 832 2721 effusos,
859 2647 987 2751 altaque
1012 2652 1119 2748 quiete
1145 2644 1290 2749 sopitos,
1314 2648 1513 2724 Sulaimanes
1535 2650 1587 2722 sti·

286 2774 374 2853 patus
400 2751 600 2848 offingentis
624 2746 775 2833 militibus
801 2746 931 2823 delestis
955 2746 1125 2837 admittis,
1152 2750 1355 2851 eaedemque
1381 2756 1582 2835 maximam,

289 2859 429 2954 impigre
454 2851 569 2923 obuios
597 2844 796 2932 maerendo,
831 2848 975 2924 bostium
999 2848 1087 2924 secir.
1139 2853 1240 2927 Multi
1275 2854 1310 2925 in
1344 2850 1469 2927 flumen
1503 2848 1584 2951 suga

288 2978 507 3057 praepropera
530 2948 651 3033 delati,
675 2947 764 3022 dubii
789 2974 936 3049 quonam
957 2947 990 3026 se
1015 2972 1194 3039 verterent,
1228 2956 1271 3027 ibi
1295 2943 1380 3027 inrei
1404 2949 1581 3027 cunelandi

288 3084 392 3130 moras
421 3050 653 3126 occubuerunt.
704 3056 744 3124 ln
769 3052 836 3125 boc
861 3052 990 3151 proelio
1017 3050 1212 3130 desideratus
1244 3052 1290 3128 ell
1325 3048 1503 3153 Vugleses:
1536 3071 1582 3127 et·

288 3163 351 3231 iam
374 3160 515 3231 Cbrates
540 3146 664 3226 occisus
685 3152 740 3245 est.
767 3158 814 3227 Vt
837 3175 957 3227 autem·
976 3156 1032 3227 hie
1057 3160 1235 3239 interierit,
1260 3160 1438 3255 ignoratur.
1477 3158 1582 3229 Hune

289 3266 354 3333 eius
377 3260 582 3357 propinqui,
615 3258 672 3353 qui
705 3280 781 3327 eum
805 3249 961 3355 sanguine
985 3261 1242 3357 continge·anr‚
1272 3254 1470 3356 aliquamdiu
1507 3252 1582 3353 post
1633 3340 1638 3345 ¹

289 3360 454 3537 Ιρηιοᾶξιιιιιίι1
478 3350 898 3532 istrrdfviqiffffldere.
949 3357 1147 3533 Sulairpplnm
1173 3360 1308 3532 νίέὶοιὲα
1332 3352 1584 3531 illisadinfiguiset

291 3469 341 3535 'u
383 3466 392 3481 '
433 3484 547 3538 arura
586 3482 669 3543 ace
845 3462 980 3533 etiamn
1028 3463 1038 3532 i
1096 3487 1178 3549 um,
1228 3484 1272 3533 uo
1311 3484 1333 3533 0
1369 3478 1498 3544 eerat,
1537 3478 1583 3538 uo

271 3568 434 3667 imperio
461 3558 634 3633 adiecit-
979 3485 1027 3561 pp
1204 3485 1228 3561 q

868 3660 900 3759 §.
926 3664 994 3755 265.

386 3801 515 3871 Ferunt
538 3791 781 3877 salamonem,
816 3797 989 3897 postquam
1003 3784 1204 3870 ‘nunciatum
1229 3812 1318 3877 emt,
1333 3768 1336 3783 Ι
1349 3786 1580 3886 Trybalorum
1678 3827 1687 3849 ·

289 3934 319 3987 et
341 3907 525 4006 Mysorum
550 3914 658 4007 copias
682 3904 853 3983 aduersum
877 3909 910 3986 se
935 3938 1095 4017 pergere,
1119 3910 1322 3985 collocutum
1347 3936 1423 3982 cum
1438 3910 1578 3993 Graecia,
1631 3940 1639 3952 ν

287 4024 312 4101 fi
339 4045 591 4101 numerarentur
615 4020 673 4094 libi
698 4017 859 4124 sexaginta
883 4026 982 4099 millia
1008 4024 1261 4108 drachmarum,
1293 4021 1376 4097 velle
1401 4016 1433 4094 se
1459 4020 1580 4093 rellitu·

288 4172 338 4221 ere
363 4146 522 4224 Graecis,
559 4164 770 4241 quaecunque
797 4142 833 4222 in
857 4140 1003 4213 Thracia
1027 4134 1173 4240 ipsorum
1206 4132 1336 4239 cepiss‘et
1367 4127 1511 4234 oppida:
1546 4152 1579 4207 et
1705 4234 1713 4243 ι

289 4258 394 4335 ιείὶἃι
418 4266 556 4355 Europa
579 4251 786 4330 dil'ceffirmm
810 4258 844 4325 in
859 4250 1018 4329 Aliam-
1047 4244 1430 4357 Graeci-pronrtillimis
1445 4244 1581 4349 quidem
1610 4332 1624 4337 ,

290 4378 401 4451 animis
425 4371 626 4475 praedidlam
651 4366 877 4475 eonditionem
901 4364 1114 4464 accepissent:
1137 4389 1171 4442 at
1195 4392 1273 4442 cum
1298 4366 1459 4436 maximus
1477 4379 1580 4431 terrae
1688 4362 1695 4373 '

288 4478 395 4566 motus
419 4480 606 4591 accidisset,
632 4476 898 4583 oppidorumque
922 4483 1009 4554 muri
1032 4476 1264 4575 procidissent,
1288 4480 1395 4553 Turci
1421 4468 1580 4545 acceden·
1654 4492 1660 4502 ·

289 4625 333 4677 tea
358 4605 500 4682 armati,
524 4602 617 4676 urbes
643 4596 819 4698 plurimas,
842 4600 939 4669 etiam
962 4596 1191 4675 Graecorum,
1223 4598 1262 4667 in·
1290 4588 1451 4667 ditionem
1486 4580 1578 4661 suam

286 4717 498 4821 redegere.-
949 4784 956 4790 .
1318 4826 1328 4834 φ
1447 4703 1479 4802 §.
1505 4706 1580 4779 266.

330 4941 389 4989 ιιι.
417 4908 786 4999 &numm-12¹7·
1013 4908 1228 5005 lr'quubou
1254 4936 1299 4991 re
1323 4904 1354 4985 o‘r
1375 4894 1547 5009 Nopuler.

336 5001 500 5107 glutino
512 5016 626 5081 πιλωιι
637 4996 739 5093 oium
763 5020 797 5081 in
815 5033 908 5095 maru
1008 5016 1046 5110 ι’)
1071 5024 1242 5099 mmor,
1270 5056 1275 5063 -

289 5104 361 5193 e'aro
388 5122 506 5209 πιλιιν
528 5100 650 5199 duur.
674 5104 744 5178 R.·
910 5123 912 5126 ’

519 5218 546 5253 ¹
776 5265 784 5293 ι
896 5226 932 5301 V
955 5248 978 5301 V
