4642 6992
668 1222 675 1229 ·
752 1212 823 1300 454
1195 1170 1631 1319 -s'v'trna'rlruii
1667 1182 1720 1318 J·

747 1407 869 1585 petiit,
893 1396 949 1475 sed
971 1392 1055 1475 tunc
1078 1390 1212 1501 quidem
1236 1392 1399 1501 repulsam
1421 1388 1504 1473 tulit.
1546 1390 1638 1472 ilinc
1663 1394 1834 1473 Romanos
1857 1338 1967 1474 iterim
1976 1398 2032 1476 bel·

811 1499 966 1585 adortus,
989 1496 1223 1575 Mesembriam
1236 1550 1249 1585 ,1
1284 1500 1481 1577 Anchialum
1503 1516 1539 1572 et
1563 1494 1791 1599 Agathopolirr
1822 1499 1911 1573 urbes
1940 1522 2031 1601 neptas

748 1601 827 1679 suae
852 1604 967 1677 dinoni
989 1602 1147 1677 adiunxit.
1198 1608 1392 1681 recavere
1416 1598 1632 1701 postmodum
1656 1598 1812 1701 cupidus,
1839 1597 1880 1673 de
1902 1628 1938 1674 ea
1958 1602 2029 1703 lega·

750 1725 804 1781 tos
828 1704 874 1778 ad
895 1710 1131 1803 imperatorem
1157 1702 1267 1788 milit,
1292 1723 1329 1779 et
1353 1702 1450 1777 simul
1475 1728 1578 1776 vnum
1601 1728 1624 1775 e
1648 1703 1771 1777 filiabus
1795 1702 1963 1776 Michaelis
1977 1712 2032 1779 hn-

750 1806 860 1907 gusti,
884 1803 1069 1881 Andronici
1093 1803 1176 1891 filii,
1198 1810 1235 1877 in
1261 1808 1509 1882 matrimonium
1531 1808 1670 1905 rogauit
1721 1810 1837 1906 Qum
1860 1826 1962 1877 autem
1991 1833 2033 1879 vr-

750 1910 829 1992 bes,
854 1932 932 2008 quas
959 1926 1158 2006 occuparat,
1183 1903 1320 1981 reddere
1341 1907 1521 1988 abnueret,
1554 1910 1734 2005 imperator
1765 1900 1951 2003 responsum
1982 1904 2032 1979 dis·

745 2006 890 2084 ferendo
916 2014 1089 2108 negotium
1112 2009 1321 2081 extrahebat:
1344 2012 1389 2081 ita
1413 2004 1547 2089 tamen,
1582 2024 1620 2079 vt
1641 2002 1733 2107 spent
1756 2032 1831 2079 non
1854 2004 2034 2107 praecideret

750 2137 911 2193 omnem,
935 2136 981 2181 ne
1007 2114 1056 2191 is,
1078 2104 1389 2209 repulsairritatus,
1412 2134 1505 2181 arma
1530 2106 1714 2183 resumeret.
1765 2112 1806 2181 A.
1821 2110 1861 2181 C.
1889 2121 1962 2195 '13ch
1975 2129 2032 2183 tan·

750 2210 828 2283 dem
853 2208 1008 2303 conceffit
1023 2209 1152 2310 Bnlgari
1178 2213 1327 2310 precibus
1350 2215 1552 2309 imperator,
1574 2215 1672 2308 eique
1690 2204 1933 2293 Theodoram,
1956 2206 2033 2287 snam

625 2371 628 2376 .
751 2340 794 2386 ex
821 2310 984 2387 Michaele
1007 2308 1079 2383 lilio
1101 2338 1149 2396 ne
1173 2330 1239 2384 tem
1249 2363 1265 2395 .,
1291 2315 1503 2385 nntrimonio
1529 2315 1643 2387 iunxit.
1694 2316 1782 2385 Ortis
1805 2336 1877 2382 non
1902 2308 1954 2383 diu
1969 2313 2032 2411 post

748 2442 776 2486 a.
802 2419 841 2488 C
868 2436 945 2501 ¹32¹·
959 2417 1056 2485 ‘inter
1081 2336 1316 2496 Andronicos,
1339 2438 1442 2485 auum
1466 2432 1499 2485 et
1520 2431 1706 2510 nepotem,
1732 2408 1879 2495 dissidiis,
1904 2408 2032 2513 Osphen·

744 2514 911 2589 tislhlanus
932 2517 1048 2613 nepoti
1070 2517 1185 2611 copias
1211 2509 1366 2588 submisit.
1399 2510 1505 2613 specie
1534 2510 1697 2614 quidem,
1731 2534 1767 2587 rt
1795 2510 1858 2611 ipfi
1891 2513 1959 2587 belli
1988 2513 2032 2587 ad·

744 2613 855 2689 uersus
873 2642 977 2687 annm
999 2608 1080 2685 socii
1103 2607 1228 2697 ess‘ent,
1251 2640 1291 2687 re
1311 2634 1424 2687 autem
1446 2610 1536 2714 ipsa,
1562 2634 1619 2697 rt,
1644 2611 1671 2685 fi
1696 2609 1842 2711 possent,
1870 2641 1942 2687 eum
1955 2642 2033 2688 corn·

745 2711 945 2817 prehensum
962 2710 1008 2786 ad
1031 2710 1068 2787 se
1090 2712 1316 2815 perducerent.
1369 2720 1485 2799 Hinc,
1509 2742 1590 2789 eum
1613 2720 1758 2788 exercitu
1781 2712 2033 2791 numerosorum

745 2816 898 2918 slipatum
916 2815 1085 2898 riderent,
1111 2814 1217 2890 slatirn
1240 2843 1279 2890 re
1306 2812 1426 2889 insedla
1446 2812 1657 2889 discefferunt.
1682 2814 1765 2889 Fatis
1782 2814 1920 2892 demum
1931 2814 2031 2892 funus

742 2946 775 2993 a.
794 2924 838 2994 2-C.
858 2942 944 3008 1322.
953 2912 1266 3015 Olphentislhlauo,
1289 2922 1327 2990 in
1345 2944 1451 3020 regno
1475 2912 1618 2991 successit
1642 2944 1835 2993 nronorvs
1862 2946 2031 2995 rrnrrass

745 3020 841 3097 filius.
890 3024 960 3094 Hic
981 3023 1162 3118 irruptione
1186 3018 1479 3092 inllomanorum
1505 3023 1690 3117 prouincias
1714 3015 1825 3104 faeta,
1860 3022 1950 3095 vrbes
1971 3021 2033 3093 alias

747 3127 856 3221 oepit,
877 3120 957 3194 alias
977 3124 1049 3220 igni
1070 3114 1229 3219 ferroque
1253 3120 1410 3213 uallauit,
1443 3119 1687 3220 Philippopolin
1715 3126 1817 3194 ctiam
1846 3119 1924 3198 dolo
1947 3149 2031 3195 occu·

741 3227 841 3325 pauit.
893 3226 987 3296 Haec
1009 3225 1094 3293 inter
1113 3218 1325 3296 Andronicus
1349 3226 1480 3304 unior,
1504 3248 1586 3323 pace
1608 3249 1689 3295 cum
1708 3248 1775 3296 ano
1801 3219 1908 3307 fadla,
1934 3246 2031 3296 contra

742 3324 899 3425 bulgaros
923 3318 1123 3423 proserius,
1155 3348 1216 3396 eos
1237 3322 1369 3423 proelio
1393 3320 1477 3395 inito
1502 3314 1712 3423 profligauit,
1745 3344 1777 3397 et
1803 3328 1840 3397 in
1858 3318 2032 3425 ¹llulgarian

742 3423 846 3521 ipsam
872 3421 1057 3498 incursione
1081 3416 1192 3508 farta,
1228 3450 1386 3525 magnam
1415 3420 1494 3495 inde
1528 3421 1660 3497 abduxit
1691 3423 1859 3526 praedam.
1906 3432 2031 3501 Mortuo

742 3523 801 3601 snb
826 3528 895 3600 hoc
917 3520 1026 3628 ipsum
1048 3544 1181 3625 tempus
1204 3528 1371 3609 Tenere,
1398 3523 1520 3597 miritae
1544 3526 1764 3626 Bulgarorum
1796 3528 1892 3601 arbes
1920 3525 1962 3601 ad
1983 3532 2033 3599 im·

742 3648 929 3730 peratorem
956 3622 1167 3709 defecerunt,
1188 3626 1265 3701 alias
1288 3625 1451 3711 Boi'lilas,
1489 3622 1652 3702 demortui
1678 3632 1762 3729 regis
1793 3649 1950 3728 patmus,
1976 3624 2034 3703 Ro-

742 3756 923 3805 manorum
947 3732 1094 3811 amicus,
1119 3733 1315 3825 occupauit,
1340 3728 1508 3829 bulgariae
1532 3724 1665 3828 despota
1693 3731 1737 3803 ab
1762 3732 1957 3830 imperatore
1989 3756 2035 3829 ap·

587 3867 596 3879 ⁸
695 3903 702 3909 ,
742 3830 886 3931 pellatur.
937 3827 1182 3927 Philippopolin
1206 3833 1386 3930 imperator
1414 3850 1450 3901 et
1473 3828 1696 3929 Boisrlasper
1727 3850 1869 3931 quatuor
1902 3826 2048 3917 menses,-

744 3932 875 4005 slrenue
900 3948 974 4002 eam
1001 3923 1271 4015 defendentibus,
1303 3956 1385 4031 quos
1418 3932 1461 4004 ibi
1494 3952 1587 4005 antea
1618 3931 1837 4007 collocauerat
1869 3936 2036 4019 Tenues,

740 4028 858 4108 sruslra
882 4049 1125 4130 oppugnarunt.
1148 4025 1204 4103 sed
1231 4030 1399 4107 vrbsnon
1425 4030 1481 4105 diu
1506 4030 1581 4133 post
1606 4030 1677 4105 casu
1706 4032 1853 4135 quodam
1878 4024 2033 4110 inhnma-

743 4158 870 4225 norum
894 4127 1008 4221 [rursus
1039 4129 1231 4229 potestatem
1271 4140 1369 4209 venit.
1421 4158 1588 4209 strenam
1621 4139 1873 4225 Strtnntzimrri
1901 4142 1957 4211 F.
1972 4134 2038 4237 poll'

747 4228 919 4326 Terterir,
955 4238 1001 4307 'ui
1026 4230 1096 4306 linc
1122 4232 1243 4332 herede
1270 4232 1462 4320 decesserat,
1498 4239 1645 4321 obitum,
1674 4264 1733 4309 rex
1767 4264 1785 4309 a
1818 4238 1960 4340 Bulgaris
1989 4234 2035 4309 de·

746 4334 902 4418 claratns,
930 4258 1029 4406 ascitis
1054 4338 1109 4408 Vn
1140 4336 1366 4429 joblachorum
1391 4358 1423 4411 et
1447 4341 1643 4441 Scytharum
1670 4338 1916 4436 [Tatarornm]
1939 4338 2035 4413 auxili·

744 4441 796 4521 it,
822 4438 938 4533 urbes,
969 4461 1098 4537 quaea
1147 4440 1320 4513 Romanos
1352 4436 1560 4524 defecerant,
1595 4435 1726 4531 obsedit.
1777 4446 1842 4514 Cui
1880 4467 1955 4515 cum
1983 4447 2035 4512 im·

744 4558 879 4640 perator
904 4562 1076 4611 occanere
1089 4559 1246 4639 pararet,
1277 4532 1357 4614 falso
1385 4538 1427 4615 de
1452 4562 1560 4615 morte
1584 4540 1753 4626 Boisrlae,
1787 4568 1915 4644 quem,
1944 4560 1977 4616 vt
1999 4536 2037 4613 ad

742 4666 768 4741 p
816 4663 894 4714 narn
920 4635 1092 4714 neccssaria
1114 4660 1264 4741 pararet,
1290 4639 1430 4715 domum
1458 4638 1642 4738 dimiserat,
1668 4664 1803 4745 accepto
1828 4646 1975 4727 nuncio,
2002 4666 2038 4715 re·

749 4746 758 4761 ‘
798 4745 868 4839 edla
892 4739 1131 4839 Adrianopolin
1155 4740 1257 4817 rediit.
1308 4744 1454 4820 Michael
1480 4750 1598 4819 interea
1611 4746 1725 4831 urbes,
1752 4772 1835 4847 qnae
1848 4744 2033 4828 defecerant,

741 4848 889 4943 recepit,
914 4862 947 4918 et
972 4840 1117 4921 Bo‘e'sllac
1141 4870 1274 4945 quoque
1300 4851 1437 4947 regione
1454 4866 1644 4947 occupata,
1669 4852 1703 4921 in
1717 4850 1897 4922 Thraciam
1922 4850 2034 4945 irrupit.

741 4946 924 5045 Imperator
949 4952 1060 5029 vero,
1087 4972 1189 5030 cunr,
1215 4972 1315 5046 quem
1338 4948 1482 5050 Bulgaris
1508 4970 1713 5049 opponeret,
1740 4950 1901 5025 idoneum
1925 4950 2034 5023 exerci-

649 5050 653 5057 ’
742 5060 816 5119 tum
841 5072 912 5121 non
938 5046 1092 5132 haberet,
1126 5073 1240 5147 regem
1266 5074 1383 5123 eorum
1410 5048 1452 5125 ad
1477 5046 1526 5122 lin
1560 5048 1635 5127 tlare
1669 5072 1833 5129 certamen
1867 5050 2034 5153 prouocari

736 5146 852 5246 Μὴ,
886 5144 980 5251 quod
1010 5149 1090 5247 hic,
1124 5154 1246 5255 quippe
1275 5156 1429 5261 principis
1460 5076 1599 5257 patina
1632 5152 2039 5334 indignum',declin1;uit·

1511 5319 1514 5323 .
1983 5274 2035 5331 llsll
