4642 6992
749 1239 795 1308 ea
1168 1187 1584 1311 stnurcouusr

537 1331 618 1414 Imp.
645 1341 740 1394 nenv.

538 1429 650 1484 mern.

477 1571 480 1579 y
535 1521 562 1564 a.
588 1521 624 1578 ις.
646 1504 728 1587 imp.⁸

536 1590 632 1654 Maur.

1290 1458 1317 1508 a
1344 1431 1383 1509 0ss
1407 1437 1483 1529 596.

746 1549 846 1636 dunt,
872 1551 916 1624 ob
942 1554 1030 1649 equis
1056 1545 1278 1637 descendunt,
1302 1550 1403 1654 frigus
1429 1560 1464 1626 in
1488 1553 1603 1628 umbra
1627 1570 1780 1652 captare,
1809 1571 1844 1625 et
1872 1559 1961 1655 equis
1983 1573 2049 1631 tan-

746 1647 842 1751 tisper
868 1649 1009 1724 inducias
1035 1647 1110 1724 dare
1134 1653 1308 1728 instituunt.
1361 1661 1452 1728 Dum
1477 1677 1700 1753 praetereunt,
1727 1660 1895 1728 Romanos
1922 1655 2042 1754 depre-

745 1751 894 1828 bendum
906 1804 915 1834 ,
941 1750 1072 1825 miseros
1097 1759 1250 1852 capiunt,
1277 1775 1310 1827 et
1322 1759 1359 1827 ab
1373 1763 1407 1830 iis
1421 1755 1499 1860 quid
1513 1757 1703 1828 molirentur
1717 1761 1860 1830 Romani
1872 1753 2039 1859 expiscan-

743 1873 805 1932 tur.
856 1858 975 1954 Capti,
1004 1851 1137 1932 satutem
1163 1851 1386 1956 desperantes,
1411 1863 1559 1960 aperiunt
1584 1861 1704 1931 omnia

1338 2087 1368 2185 i
1392 2111 1441 2179 rr·

847 2240 892 2346 d)
921 2273 1176 2336 rtnnunsnvs,
1201 2255 1343 2327 tribunus
1369 2275 1513 2327 cateruae
1539 2251 1717 2326 barbaricae
1741 2247 1798 2334 bl,
1824 2277 1900 2324 cum
1919 2245 1981 2324 suis
1996 2247 2040 2324 ad

742 2347 912 2427 uanfitum
937 2353 1077 2428 fluminis
1101 2352 1270 2454 procedit,
1297 2378 1391 2454 atque
1405 2361 1440 2426 in
1450 2359 1602 2454 proxima
1619 2353 1715 2435 silua,
1730 2351 1817 2424 haud
1835 2351 1921 2424 secus
1935 2379 2040 2452 quam

744 2479 890 2527 racemus
916 2451 971 2528 sub
996 2451 1190 2540 frondibus,
1214 2456 1296 2530 latet.
1332 2462 1436 2530 Porro
1463 2452 1552 2540 dux,
1577 2461 1778 2552 imperatoris
1802 2450 1920 2536 frater,
1946 2451 2039 2525 haud

743 2576 831 2629 ratus
855 2557 918 2630 illic
944 2557 1051 2630 hostes
1075 2556 1220 2641 latitare,
1247 2583 1381 2630 amnem
1407 2564 1549 2630 traiicere
1575 2554 1648 2628 suos
1683 2556 1778 2627 iubet.
1831 2554 1924 2628 Mille
1954 2559 2040 2628 traii-

745 2661 858 2738 ciunt,
886 2683 968 2757 quos
993 2655 1033 2728 ad
1062 2677 1166 2732 vnum
1190 2659 1312 2730 barbari
1329 2659 1541 2732 ‘interficiunt
1593 2655 1631 2731 ld
1655 2657 1709 2729 vbi
1735 2653 1802 2726 dux
1827 2651 1947 2736 sensit,
1984 2654 2041 2729 dat

743 2783 882 2858 operam
907 2751 1042 2840 sedulo,
1069 2779 1199 2832 utnon
1223 2758 1375 2858 palatim,
1401 2755 1455 2832 sed
1481 2761 1617 2836 iuntlim
1631 2783 1746 2830 onmes
1758 2751 1852 2829 simul
1870 2761 2040 2840 traiiciant,

746 2885 790 2930 ne
815 2858 935 2958 alioqui
960 2860 999 2930 ab
1025 2858 1167 2931 hostibus
1194 2857 1367 2933 deleantur.
1419 2865 1473 2932 Sic
1504 2865 1600 2960 igitur
1632 2866 1785 2930 Romano
1821 2863 1950 2956 agmine
1984 2887 2040 2958 ag·

739 2979 878 3060 gregato
903 2979 935 3032 et
959 2956 1141 3042 adornat0,
1167 2957 1209 3030 ad
1234 2967 1339 3059 ripam
1363 2961 1484 3033 barbari
1510 2966 1577 3032 acie
1602 2957 1722 3057 digesta
1747 2957 1933 3030 consulunt.
1967 2962 2041 3032 Ro-

743 3065 833 3132 tnani
861 3086 879 3131 e
905 3061 1057 3134 nauiculis
1082 3059 1107 3118 i)
1142 3059 1202 3133 tela
1228 3067 1383 3144 mittunt,
1411 3089 1553 3161 quorum
1566 3059 2039 3135 multitudinembarbaricum

746 3157 922 3233 defendere
947 3187 1018 3233 non
1043 3155 1194 3258 possent,
1221 3168 1326 3262 ripam
1353 3157 1525 3245 deserunt,
1553 3160 1700 3260 caditque
1725 3156 1870 3257 ipsorum
1898 3159 2039 3244 dusios,

743 3267 799 3334 cui
826 3260 983 3360 l’iregasto
1009 3287 1135 3332 nomen
1160 3257 1251 3337 sitisse
1278 3262 1426 3336 diximus.
1476 3267 1595 3363 Sagitta
1623 3267 1745 3360 quippe
1770 3266 1881 3332 ineius
1895 3260 2041 3334 'diacon-

742 3381 851 3445 torta,
876 3360 969 3435 letale
994 3361 1108 3438 vulnus
1136 3388 1226 3436 mors
1254 3363 1299 3436 est
1325 3359 1503 3437 consecuta.
1555 3358 1672 3438 Occiso
1709 3361 1868 3462 Piragasio
1891 3415 1902 3444 ,
1927 3363 2038 3437 hostes

741 3469 779 3538 in
802 3459 917 3564 fugam
944 3483 1189 3536 conuertuntur·
1239 3469 1383 3538 Romani
1409 3471 1514 3564 ripam
1540 3467 1743 3546 obtinentes,
1769 3484 1801 3536 et
1826 3469 1861 3533 iu
1886 3463 2039 3538 barbaros

666 3603 673 3612 -
702 3572 706 3577 ’
743 3565 846 3640 multa
870 3561 968 3638 mede
993 3561 1188 3663 grassantes,
1214 3587 1356 3638 caeteros
1381 3572 1460 3640 item
1484 3562 1598 3666 fugere
1623 3583 1755 3664 cogrmt.
1807 3567 1895 3636 Cum
1927 3585 2039 3642 autem

669 3739 672 3746 ,
744 3663 905 3766 fugientes
928 3665 1060 3834 sonpius
1085 3659 1208 3762 insequi
1233 3672 1431 3769 nequirent,
1454 3687 1627 3768 propterea
1654 3661 1745 3767 quod
1771 3669 1860 3766 equis
1877 3668 2039 3752 carebant,

745 3766 790 3840 ed
815 3765 936 3842 vallum
960 3761 1024 3836 see
1047 3768 1216 3864 recipiunt.
1747 3863 1762 3878 ,
1930 3767 1961 3869 d
1985 3782 2041 3860 78.

787 3975 823 4054 ὅ)
850 4001 1115 4067 rusorrmurs,
1140 4003 1397 4057 nnnsrnsrvs:
1425 3985 1584 4056 Caeterum
1612 3989 1710 4068 [haee
1731 3989 1789 4068 iis,
1813 4011 1888 4074 quae
1909 3991 1939 4053 in
1960 3991 2039 4056 But-

880 4077 1002 4156 garicis
1033 4077 1067 4162 s·
1094 4095 1125 4157 9.
1153 4076 1270 4156 adnrli,
1291 4075 1530 4159 subiunguntur]
1561 4073 1674 4140 Penus
1697 4088 1804 4153 coum
1835 4079 2038 4165 Peregastam

802 4198 810 4206 ’
885 4165 1011 4254 (καιτοι
1036 4172 1240 4266 fingerem·
1262 4177 1358 4252 duest·
1378 4181 1584 4268 Pergastum)
1607 4183 1820 4247 Scleuimrum
1845 4179 2054 4275 prnp‘eli‘um¹

885 4257 1085 4376 (ἐξαρκεῖ)
1108 4282 1328 4362 expeditionem
1345 4283 1482 4372 suscepit.
1526 4288 1573 4354 Ar
1595 4285 1727 4356 barbari
1734 4281 1904 4371 'secundum
1928 4288 2038 4372 flemi-

752 4437 759 4448 ·
881 4381 931 4427 ms
954 4369 1057 4449 ripam
1083 4363 1235 4450 Romanis
1260 4367 1383 4436 obuiam
1395 4372 1499 4458 felii,
1532 4395 1585 4439 eos
1607 4392 1728 4440 amnem
1760 4376 1901 4438 traiicere
1928 4372 2037 4458 proisi«

851 4557 855 4564 1
885 4463 1013 4533 bebant-
1035 4469 1182 4538 Romani
1199 4483 1307 4540 eontra
1331 4497 1348 4541 e
1371 4480 1512 4547 redariis
1530 4477 1660 4545 nauibus
1682 4459 2040 4562 (eisarneinaim.

880 4579 936 4629 eat.
985 4572 1080 4636 Anasi.
1104 4595 1125 4638 a
1135 4561 1260 4660 fretis)
1281 4578 1340 4642 tela
1355 4581 1529 4663 mittentes,
1556 4579 1907 4646 barbarosauertmnt.
1933 4583 2040 4647 Dum-

882 4685 941 4752 que
964 4669 995 4732 in
1006 4668 1125 4751 fugam
1158 4683 1341 4750 emuntur,
1373 4678 1557 4765 Peregastus
1583 4682 1636 4745 iiio
1656 4676 1819 4761 spaciatus
1850 4679 2041 4768 (WWW

885 4779 949 4850 τοι]
972 4785 1075 4870 nep-ee
1098 4773 1251 4852 λαγονοε
1280 4757 1540 4864 interversor.
1583 4785 1677 4846 nnatt
1697 4791 1870 4863 percutitur
1897 4793 1957 4855 illie
1985 4793 2041 4866 [in

823 4891 828 4898 ·
881 4875 977 4931 marg.
997 4861 1085 4934 iiico]
1106 4861 1340 4945 Peragastus),
1364 4870 1507 4931 moritur.
1549 4868 1684 4953 Romani
1705 4888 1781 4952 ergo
1796 4874 1914 4958 flumen
1934 4886 2044 4945 manse

855 5011 864 5027 Ι
885 4939 977 5026 greffi
988 4989 998 5020 ,
1010 4943 1132 5026 praeda
1156 4951 1301 5010 mma
1319 4949 1426 5016 coalia
1446 4956 1478 5018 iu
1495 4959 1629 5038 propria
1651 4959 1717 5022 teca
1728 4955 1766 5040 se
1790 4981 1934 5045 recepere.
1981 4980 1990 4991 ‘

801 5128 864 5221 ir)
879 5137 1131 5232 Hermetem,
1169 5141 1372 5236 φυλαρχοε
1418 5165 1476 5232 uus
1503 5170 1573 5220 rou
1597 5138 1810 5247 baedaque.
1849 5155 1854 5162 ’

723 5217 824 5357 Ιὅδε
855 5229 959 5313 duros
992 5263 1058 5334 vqs
1092 5233 1259 5327 πληθυοε
1289 5238 1371 5329 iiten
1467 5246 1482 5316 i
1484 5245 1513 5340 )
1535 5239 1610 5326 eine
1634 5275 1705 5326 rue
1735 5241 1954 5352 menbratim.
