4642 6992
489 1316 571 1398 Imp.
596 1326 669 1374 ntu-

489 1490 527 1555 u

701 1232 772 1316 aar
1072 1284 1077 1289 ,
1116 1184 1628 1289 ua'tacrncouvnt

1263 1440 1290 1486 a.
1319 1414 1359 1485 C.
1386 1416 1476 1498 1462

699 1542 838 1621 nuatum
862 1546 905 1620 ad
929 1544 1065 1620 Bladum
1090 1542 1249 1647 proficisci
1277 1549 1371 1621 iubet.
1423 1548 1614 1617 Chamuzae
1640 1570 1751 1629 vero,
1783 1560 1883 1645 quern
1914 1553 2037 1631 Hiera·

700 1656 886 1749 cophornm
915 1652 1146 1730 nominabant,
1172 1656 1226 1751 qui
1252 1647 1338 1747 apud
1383 1644 1484 1717 sssum
1505 1645 1622 1729 destitit,
1648 1668 1683 1719 vt
1707 1645 1941 1726 adminiſtraret
1974 1654 2038 1730 sno*

698 1755 840 1851 imperio
866 1757 1034 1850 regionem
1061 1778 1130 1823 non
1158 1750 1345 1832 modicam,
1372 1768 1403 1819 et
1429 1745 1561 1821 Bidinae
1586 1746 1760 1845 praeesset,
1780 1761 1971 1853 praecepit,
1995 1779 2038 1833 aa

701 1854 809 1934 clam,
837 1850 862 1923 fi
889 1852 968 1924 dolo
995 1849 1120 1952 poss'et,
1152 1853 1288 1925 Biadutn
1323 1850 1362 1921 ad
1398 1844 1427 1920 se
1463 1846 1663 1947 perduceret.
1715 1849 1896 1937 Addebat,
1930 1852 1965 1927 se
1999 1867 2039 1933 ά.

699 1954 952 2057 gratificaturum
978 1982 1079 2057 quarn
1103 1961 1270 2036 maxime,
1295 1948 1351 2026 seu
1377 1948 1480 2037 dolo,
1505 1946 1560 2023 seu
1580 1950 1650 2024 alio
1678 1953 2028 2055 quouisanodofflru

699 2061 807 2131 virum
832 2052 973 2157 cepiffet.
1298 2154 1321 2250 ᾗ

1324 2214 1333 2233 .
1363 2172 1418 2237 45·

795 2300 977 2370 Charnuzes
996 2298 1097 2396 'igitur
1129 2321 1192 2369 vna
1223 2320 1298 2367 cum
1325 2288 1422 2362 scriba
1449 2288 1580 2363 confilia
1607 2292 1785 2368 tranabat,
1807 2320 1876 2395 'qua
1900 2302 2023 2373 ratione

690 2400 846 2496 imperata
872 2420 1058 2496 opportune
1084 2390 1125 2464 ad
1152 2424 1222 2468 rem
1255 2388 1450 2467 conferrent.
1502 2390 1616 2466 Visum
1647 2400 1747 2493 igitur
1781 2396 1831 2467 est
1859 2400 1931 2470 hoc
1964 2397 2022 2474 esse

691 2496 983 2581 confitltissimum,
1010 2518 1044 2571 vt
1071 2502 1238 2571 comitanti
1267 2493 1369 2568 Blado
1404 2490 1536 2566 scribam
1567 2500 1602 2565 in
1633 2490 1688 2565 sua
1725 2502 1863 2595 regione
1897 2498 2020 2575 infitias

690 2619 876 2702 ponerent,
901 2625 1043 2699 eumque
1067 2601 1134 2669 hoc
1159 2595 1265 2671 modo
1293 2622 1351 2695 per
1378 2592 1503 2667 infidias
1529 2600 1727 2693 exciperent.
1779 2597 2030 2681 Scdconueniu·

690 2724 728 2777 vt
752 2700 872 2783 scriba,
900 2699 1033 2801 quando
1059 2698 1153 2772 vellet
1178 2698 1284 2773 redire
1308 2694 1349 2767 ad
1377 2722 1513 2797 regern,
1539 2694 1743 2797 significaret.
1765 2703 1896 2793 Scriba,
1913 2730 2020 2802 querri-

690 2800 875 2877 tdmodum
906 2800 1071 2873 decretum
1103 2822 1198 2883 erat,
1237 2796 1333 2869 fecit:
1387 2822 1417 2870 et
1451 2802 1592 2879 horam,
1616 2826 1678 2897 qua
1704 2802 1842 2875 abiturus
1874 2802 1953 2878 sistet
1981 2806 2028 2881 ad.

688 2927 828 3005 regem,
852 2910 1028 2975 comitante
1054 2899 1178 2983 Blado,
1209 2898 1370 2971 indicauit.
1420 2906 1626 3001 Qapropter
1646 2900 1930 2990 insidiaseoioci,
1956 2934 2019 3005 quo

715 3006 896 3079 rofet‘turus
921 3025 1009 3085 erat,
1034 3000 1134 3075 Biado
1160 3002 1272 3074 ssrttxit
1298 3004 1490 3073 Cititnuzes.
1543 2999 1658 3073 Blados
1673 3008 2018 3101 itaquearmatuscuut

689 3034 754 3182 iuis
781 3102 976 3206 prosequens
1003 3102 1135 3175 scribam
1163 3128 1195 3178 et
1220 3101 1561 3183 lamiarum-ducem,
1586 3108 1623 3174 'in
1651 3101 1775 3177 infidias
1798 3114 2020 3209 praecipitatus

693 3210 748 3283 est.
799 3214 886 3306 Qtas
912 3210 964 3282 vbi
991 3211 1173 3305 cognouit,
1201 3199 1272 3277 suos
1297 3204 1383 3275 illico
1410 3207 1637 3277 exhortatione
1663 3205 1827 3281 finnauit.
1865 3231 1901 3283 er
1933 3218 2022 3285 mini·

693 3312 775 3387 siros
800 3314 885 3407 capit
947 3312 1129 3381 Chamuzes
1145 3308 1185 3372 J)
1211 3328 1318 3378 autem
1345 3304 1526 3387 accedens,
1553 3314 1709 3406 pugnauit
1740 3336 1900 3409 perquam
1932 3310 2019 3388 forti-

697 3430 753 3486 ter.
803 3408 960 3484 Tandem
987 3413 1195 3497 Chamuzem
1223 3414 1256 3481 in
1282 3404 1395 3505 fugam
1422 3402 1550 3481 versum
1576 3415 1681 3507 capit:
1706 3429 1738 3481 et
1758 3412 1886 3512 reliquis
1899 3400 2020 3515 frigian-

696 3517 802 3595 tibus,
828 3518 960 3595 euenit,
987 3532 1022 3585 vt
1046 3538 1117 3583 non
1143 3508 1235 3580 multi
1262 3514 1409 3607 perirent.
1461 3513 1534 3581 Hos
1562 3514 1655 3609 igitur
1681 3538 1822 3605 omnes,
1857 3542 1940 3613 quos
1979 3524 2020 3591 ri-

696 3644 758 3690 uos
784 3611 1101 3712 comprehenderat,
1127 3608 1281 3693 abduxit,
1307 3632 1339 3680 et
1364 3608 1441 3707 palis
1468 3610 1578 3683 affixit.
1604 3634 1766 3685 caeterum
1789 3636 2021 3717 antequemca·

698 3716 787 3821 pitali
813 3712 970 3813 supplicio
997 3709 1223 3793 subderentur,
1249 3710 1384 3784 mutilati
1412 3706 1507 3794 sunt,
1533 3720 1683 3785 extremis
1708 3722 1857 3813 corporis
1885 3726 2018 3815 partibus

698 3815 859 3921 praecisis.
910 3820 1114 3888 Chamnzem
1140 3814 1266 3899 altiori,
1293 3838 1390 3911 quam
1417 3813 1581 3911 reliqum,
1608 3822 1694 3887 cruci
1722 3816 1833 3890 affixit.
1870 3824 1949 3893 Hoc
1971 3852 2019 3895 au-

699 3943 768 3996 rem
795 3916 871 3989 ideo
895 3912 1019 3990 fadum
1047 3917 1135 3987 esta
1170 3911 1300 3995 arado,
1331 3934 1365 3985 vt
1398 3906 1457 3985 suis
1491 3916 1683 4017 exemplum
1714 3944 1947 4019 proponeret,
1977 3953 2016 4000 ne

701 4016 835 4125 quando
862 4016 975 4091 similia
1001 4036 1181 4099 tentarent,
1207 4012 1294 4115 quali
1320 4012 1432 4109 fituilia
1458 4011 1583 4115 paffuri.

1333 4206 1339 4220 .
1391 4155 1420 4221 6.

803 4252 862 4341 β)
889 4260 951 4329 His
976 4260 1017 4326 ita
1042 4254 1158 4355 gestis,
1186 4150 1577 4350 exerciuim⁴conscrtpfit
1600 4278 1699 4353 quant
1714 4258 1822 4351 potuit
1832 4262 2018 4335 maximum.

701 4368 734 4426 ct
759 4354 844 4429 illico
871 4354 913 4427 ad
938 4355 1053 4429 Istrum
1078 4360 1196 4455 raptim
1223 4378 1343 4452 agmen
1369 4350 1481 4425 duxit:
1508 4382 1607 4455 quem
1647 4360 1803 4429 traiiciens
1821 4412 1835 4441 ,
1871 4364 1958 4431 venit
1986 4364 2015 4429 in

1947 4459 2017 4533 loca

653 4636 659 4643 ·
744 4624 791 4693 p)
818 4634 956 4681 oveas:
979 4618 1132 4701 Superato
1156 4616 1261 4680 craterae
1289 4618 1429 4683 Danubio
1454 4626 1548 4705 copiis
1564 4618 1667 4707 settim
1697 4620 1795 4685 duffis
1823 4626 1855 4689 ¹⁸¹¹
1890 4624 2015 4711 ΜΝ*

839 4712 992 4788 regionem
1011 4711 1166 4779 excurrit,
1191 4702 1372 4791 turbamque
1394 4708 1514 4791 irfinme
1533 4709 1631 4793 plebis
1660 4712 1814 4791 captiuum
1849 4714 1879 4775 r'a
1910 4712 2014 4777 Wale

643 4818 646 4822 ’
742 4824 784 4901 e)
807 4820 897 4906 οἷχαμ
922 4854 974 4902 μιν
1003 4822 1078 4886 o'vdrr
1108 4848 1171 4903 προς
1209 4828 1334 4893 fierem
1416 4825 1567 4909 f)'1dc'nt
1589 4828 1647 4891 css'e
1669 4829 1807 4901 videtur,
1839 4852 1927 4913 quern
1956 4836 2014 4892 Du-

699 4930 844 4987 mana,
871 4911 971 4987 dyene
996 4912 1023 4975 dr
1050 4940 1095 4989 nur
1128 4916 1229 4969 iuraret
1269 4902 1333 4965 circ·
1384 4933 1430 4971 cas
1460 4914 1615 4977 Chamzant
1651 4934 1746 4975 vocat.
1786 4920 1838 4993 qui
1870 4936 2013 5003 practtrcr

700 5022 856 5076 κτωμυος,
881 4998 936 5076 iux
960 4998 1160 5083 ὄπιρβαλσταγ
1186 4991 1332 5064 τῖνῐΰνβΨ
1380 4999 1453 5063 haec
1480 5001 1540 5063 aiio
1566 5003 1669 5065 ordine
1696 5016 1807 5064 narrat·

701 5094 804 5161 σιλεα,
829 5093 919 5150 taraus
942 5096 967 5151 Is
991 5116 1030 5151 rot
1049 5114 1086 5151 n
1094 5092 1233 5161 βασιλεως
1243 5103 1330 5159 πραγ-

700 5197 794 5246 ματα.
