4642 6992
1490 1000 1500 1035 b

740 1106 1134 1275 ,carran
1200 1148 1203 1155 ¹
1439 1232 1446 1243 t
1545 1184 1612 1287 965

1539 1304 1552 1324 *
1623 1290 1703 1377 Imp.
1726 1302 1822 1359 tart.

765 1392 794 1443 a
818 1370 860 1445 C.
963 1400 1007 1423 ···
1068 1369 1103 1447 6.

270 1496 597 1597 Christianommqne
619 1491 724 1575 fidem
748 1373 1007 1590 confideddbnt,
1023 1377 1247 1607 8ebiscopnnr.
1273 1510 1331 1610 qui
1351 1508 1431 1605 [non
1460 1506 1518 1593 diu
1542 1500 1609 1593 bd.

269 1622 426 1683 tenant,
450 1617 613 1675 euocant:
641 1626 742 1775 quem
765 1606 917 1705 princepe
939 1603 994 1678 ilie
1016 1609 1251 1710 interrogauit,
1277 1606 1357 1711 quid
1390 1635 1502 1691 contra
1533 1620 1607 1694 teli·

268 1712 406 1809 gionem
430 1698 520 1779 suam
545 1698 641 1775 dicen
665 1730 723 1779 um
747 1706 903 1789 haberet,
927 1723 960 1779 et
984 1731 1145 1808 quaenam
1171 1703 1237 1811 ipse
1263 1709 1515 1795 dosiurmeiset.
1541 1720 1603 1799 Illo

269 1826 380 1880 autem
403 1798 528 1879 iterum
553 1798 654 1879 diuini
681 1806 850 1907 Euangeiii
873 1806 994 1880 librum
1049 1806 1266 1899 rotendente',
1296 1806 1509 1919 narranteqde
1529 1814 1607 1897 mi.

267 1908 386 1983 ramula<
399 1902 585 2011 quaedam,
609 1932 629 1979 a
651 1910 728 1981 Deo
752 1913 790 1980 in
815 1910 965 1983 humano
989 1836 1132 1986 adrem
1156 1908 1216 1987 suo
1240 1934 1415 2015 patrata:„
1440 1918 1511 1997 Nifi
1523 1920 1605 2025 quid

267 2006 394 2093 simile,
417 2012 522 2112 inquit
546 2004 725 2084 Rufforum
749 2010 861 2096 turba,
885 2034 948 2083 noe
973 2035 1108 2113 quoque
1131 2012 1321 2109 vicennam
1346 2024 1491 2097 maxime
1523 2050 1608 2101 vero

268 2110 364 2214 quale
384 2138 491 2185 narrat
515 2110 552 2181 in
576 2114 707 2183 camino
731 2113 829 2183 trium
854 2136 1035 2211 puerorum
1058 2108 1185 2188 fassum
1210 2111 1296 2202 effe,
1320 2116 1411 2195 nullo
1429 2120 1537 2198 modo
1549 2127 1607 2209 iia.

266 2238 352 2387 quae
377 2212 522 2286 dicturus
547 2234 605 2295 ec,
628 2208 853 2296 credemua„.
879 2211 939 2288 ute
960 2238 1042 2288 vero
1065 2210 1169 2289 iidem
1194 2216 1315 2291 habent
1339 2222 1418 2295 huic
1442 2226 1609 2302 veriffimo

290 2318 380 2389 icto:
405 2316 630 2413 Quodcumque
650 2316 812 2407 petieritis
835 2319 872 2387 ita
894 2317 1020 2386 aornim
1042 2340 1137 2400 meo,
1158 2320 1342 2412 coemittit}
1365 2339 1398 2397 et
1421 2324 1487 2420 Qui
1506 2332 1609 2401 eredit

265 2416 301 2491 itt
326 2440 395 2500 me,
421 2440 518 2511 opero
543 2438 624 2509 quae
647 2438 704 2511 ego
718 2416 836 2511 focio,
859 2424 892 2483 et
915 2412 981 2511 ipse
999 2418 1127 2506 lauet,
1148 2421 1471 2507 imamoioroeorum
1483 2431 1606 2524 sociem

1622 1378 1856 1450 crouroeu'
1903 1390 1906 1413 ‘
1951 1376 1954 1382 ’
2022 1364 2025 1371 ’

265 2512 432 2617 respondit
456 2516 575 2598 iiiior„
600 2510 667 2589 Etsi
694 2538 765 2588 non
788 2516 883 2587 liceat
896 2534 1038 2589 tentare
1068 2520 1255 2593 Dominum
1288 2524 1401 2597 Deum
1413 2532 1430 2616 ¹,
1463 2548 1606 2607 attamen
1692 2592 1696 2603 .

265 2614 293 2693 fi
317 2646 359 2693 er
384 2623 499 2691 animo
522 2612 565 2688 ad
590 2618 701 2689 Deum
727 2612 885 2689 accedere
908 2611 1118 2701 decrerim,
1140 2624 1239 2717 perite
1253 2622 1411 2723 quidquid
1424 2626 1606 2707 volueritie:

264 2717 368 2819 idque
391 2724 481 2794 Dent
507 2720 656 2817 petitioni
681 2715 1042 2816 vestraeobtemperans
1054 2715 1268 2819 exsequetur,
1293 2722 1605 2829 etiamsinorquam

265 2826 396 2895 minimi
421 2842 454 2896 et
477 2818 601 2919 indigni
625 2816 782 2901 simut„⁸
806 2816 856 2891 ilii
879 2844 960 2892 vcro
985 2818 1090 2895 statun
1113 2823 1298 2921 petierunt,
1331 2824 1471 2901 utlibet
1495 2833 1604 2905 Euan·

264 2922 429 3025 geliomm
454 2926 488 2993 in
512 2946 636 3021 rogum
661 2921 701 2994 ab
725 2915 759 2993 se
782 2914 955 2992 accensum
978 2928 1178 3004 mitteretur,
1204 2943 1237 2999 et
1262 2920 1288 3001 si
1311 2926 1367 2999 hic
1396 2922 1517 3003 iilaesur
1542 2934 1604 3007 ier.

264 3036 420 3108 naretur,
443 3024 476 3096 se
500 3020 542 3093 ad
566 3026 655 3112 Dei,
680 3045 781 3123 quern
803 3006 1051 3123 praedicebant,
1078 3023 1204 3099 cultum
1229 3008 1427 3105 accessuros(
1455 3038 1603 3135 Accepta
1740 3032 1743 3039 ¹

265 3122 413 3199 conditio
436 3122 507 3197 firit.
557 3119 800 3222 sacerdoteque
823 3120 865 3195 ad
889 3126 1002 3198 Deum
1027 3124 1141 3199 oculor
1166 3146 1199 3199 et
1223 3152 1339 3201 manua
1364 3136 1535 3232 erigente,
1562 3160 1603 3210 ac

263 3224 415 3311 dicente,
441 3228 597 3325 Spiritum
620 3221 767 3299 uncum
793 3242 886 3298 tuum
910 3222 1058 3326 glorifica
1081 3222 1151 3301 Iesu
1176 3228 1304 3303 Christe
1333 3232 1424 3307 Deus
1454 3234 1565 3309 noster
1588 3262 1602 3311 e

261 3333 300 3402 in
324 3322 502 3427 conspesiu
526 3331 625 3401 toriur
648 3330 754 3429 gentio
776 3323 859 3399 liber
890 3329 924 3401 S.
961 3328 1132 3429 Euangeiii
1164 3331 1200 3403 in
1231 3325 1400 3407 caminum
1430 3338 1600 3435 conietiuc
1728 3322 1733 3347 ⁸

262 3429 321 3528 cii.
370 3432 525 3529 Cumque
553 3432 644 3503 horit
667 3455 739 3503 non
763 3432 874 3525 paucio
899 3424 1019 3504 atsrss‘et
1049 3434 1219 3509 caminus,
1251 3434 1330 3507 hinc
1360 3438 1438 3535 igne
1471 3442 1601 3535 penitue

262 3530 446 3615 exstineto,
471 3526 598 3607 ibnt‘irre
621 3528 674 3605 ille
697 3530 779 3604 liber
801 3523 924 3604 diaesut
946 3533 1139 3637 integerque
1161 3549 1306 3635 repertus
1319 3532 1387 3617 esi,
1413 3536 1600 3642 adirigaie

261 3652 343 3709 nota
367 3631 420 3707 vel
444 3630 568 3709 damno
592 3648 791 3709 remanente.

365 3812 468 3918 Qtod
493 3810 668 3917 conspicati
690 3816 834 3897 barbari.
859 3840 898 3891 rc
919 3814 1146 3919 magnitudine
1169 3815 1318 3895 miraculi
1341 3816 1504 3922 permisi,
1530 3822 1604 3906 sine

261 3934 359 3991 mora
381 3918 434 3993 vel
459 3920 658 3993 dubitatione
680 3919 722 3993 ad
746 3914 902 4006 sancium
920 3915 1073 4019 baptifina
1085 3916 1202 4022 sponte
1213 3920 1433 4009 accesserunt,
1458 3952 1603 4006 acmen·

261 4036 296 4091 te
320 4020 448 4121 purgati
471 4018 671 4098 saluatorem
693 4024 884 4097 Dominum
907 4018 1052 4097 laudibus
1075 4022 1302 4099 celebrarunt:
1332 4029 1385 4097 cui
1423 4028 1529 4127 gloria
1563 4052 1599 4110 et

261 4122 439 4223 imperium
464 4147 554 4199 naurc
579 4142 613 4197 et
635 4118 765 4226 semper
786 4140 820 4199 et
842 4126 881 4197 in
904 4116 1010 4198 secula
1043 4117 1242 4205 seculorum.
1263 4128 1376 4203 Arnen
1399 4121 1442 4202 ¹).

1491 4228 1595 4331 §a
1692 4209 1694 4216 ,

304 4426 338 4505 s)
362 4426 417 4491 iiie
441 4447 476 4493 ex
499 4432 657 4507 Anonymo
675 4428 792 4505 alsatie,
815 4428 898 4495 addit
927 4474 933 4495 ,
959 4430 1052 4513 dum,
1076 4431 1168 4496 ritum
1196 4437 1339 4497 Graecum
1364 4434 1501 4495 Romano
1512 4450 1596 4515 prae.

262 4516 479 4598 Benduriuar„
505 4518 591 4583 Libet
622 4518 720 4600 aliqua
750 4519 799 4579 hie
830 4537 895 4577 mo.
954 4516 1106 4593 eraserint,
1136 4517 1237 4581 cadem
1272 4518 1368 4581 serrare
1393 4534 1595 4583 nouantur-,e

262 4604 396 4667 attend
428 4602 588 4685 praefatam
618 4605 765 4676 Anonymi
803 4601 895 4663 histo·
953 4600 1146 4685 scriptoribus
1170 4606 1208 4667 de
1237 4607 1430 4666 conuerfione
1460 4603 1593 4667 wioto-

260 4694 337 4755 tiam
360 4688 397 4752 de
418 4688 576 4755 Ruffomm
599 4691 636 4753 ad
668 4690 756 4753 sidem
787 4688 895 4750 Christi
954 4689 1024 4747 miri
1047 4688 1319 4767 annotandum,
1344 4686 1497 4770 quifidem
1508 4692 1595 4753 Chrs-

235 4764 466 4841 ἰεοιιιιοτίίοῐκ.
506 4780 541 4842 Et
550 4780 673 4864 primo,
693 4774 774 4861 quod
792 4776 834 4838 ait
845 4776 894 4835 hic
956 4776 991 4835 sti
1011 4772 1156 4857 suscepit,
1187 4778 1399 4859 imperantibus
1426 4774 1530 4837 basilio
1561 4790 1594 4842 et

261 4863 389 4949 scriptor
412 4882 600 4944 anonymus,
625 4860 897 4926 Ruffooadhaefiise
958 4862 1173 4937 Constantino‘
1197 4866 1250 4947 qui
1274 4862 1369 4925 eidem
1401 4864 1476 4921 Duri
1505 4861 1592 4925 soro.

261 4956 335 5015 ritui
358 4953 560 5027 Graecorum,
583 4968 739 5035 propterea
758 4950 840 5033 quod
854 4947 899 5010 le·
959 4969 1023 5009 rem
1047 4951 1161 5009 Annam
1184 4948 1216 5013 in
1251 4949 1474 5012 matrimonium
1504 4950 1593 5013 dede.
1651 4951 1656 4961 ‘

260 5041 324 5118 gari
349 5042 471 5103 Romam
495 5032 898 5123 “Constantinopolinmis-
958 5051 1050 5108 runt3
1074 5056 1143 5095 nam
1169 5048 1196 5094 et
1218 5033 1270 5097 ille
1295 5038 1366 5097 ritui
1399 5039 1513 5099 Graeco
1541 5036 1593 5099 ars·

243 5128 283 5191 -ti
305 5121 345 5189 ed
377 5124 535 5208 earumque
569 5126 661 5191 ritum
695 5120 903 5211 contemplan-
958 5122 1069 5197 haesit,
1091 5136 1248 5211 propterea
1274 5124 1357 5203 quod
1380 5114 1491 5206 iegati,
1513 5138 1594 5203 quoa
