4642 6992
736 1238 792 1314 m
933 1211 968 1322 J
1184 1214 1595 1315 stnvrchouvtt

1281 1421 1373 1493 aC.
1399 1425 1546 1512 1154?

738 1545 784 1614 tio
809 1533 894 1609 satia
918 1529 972 1606 dt
1023 1531 1156 1627 Septem
1183 1533 1278 1630 igitur
1295 1527 1428 1602 suorum
1441 1525 1585 1610 adscitis,
1611 1549 1688 1600 cum
1706 1526 1935 1599 Cantacuzeuo
1951 1509 2032 1601 ebn-¹

719 1629 907 1742 'greditun
932 1633 1034 1732 litque
1059 1630 1177 1704 collato
1204 1627 1288 1729 pede
1314 1629 1488 1728 proelium.
1539 1624 1605 1701 Sed
1633 1625 1715 1698 dum
1727 1623 1858 1698 subinde
1869 1625 2032 1700 aduenere

683 1782 687 1792 ,
738 1737 956 1833 undecunque
981 1733 1125 1812 barbari,
1150 1735 1185 1800 in
1218 1751 1401 1803 extremum
1434 1729 1616 1832 periculum
1646 1725 1805 1802 adductus
1835 1727 1882 1800 est
1915 1733 2032 1801 Canta·

740 1850 904 1919 eucerius,
932 1856 967 1908 et
990 1835 1029 1906 ab
1052 1837 1088 1904 iis
1113 1827 1219 1903 suiss'et
1242 1831 1480 1916 obtruncatus,
1505 1835 1541 1902 ui
1574 1826 1662 1902 haud
1693 1830 1809 1928 procul
1842 1823 2033 1927 conspedlut

711 1941 832 2015 ‘illum
859 1931 1026 2010 exemiss‘et
1049 1938 1237 2030 imperator.
1288 1939 1333 2005 At
1365 1957 1473 2033 neque
1502 1926 1569 2028 ipse
1600 1957 1713 2029 expers
1739 1926 1801 2003 suit
1833 1926 2032 2002 discriminis.

739 2041 871 2144 Quippe
897 2065 973 2110 cum
999 2041 1111 2109 'animo
1136 2052 1321 2130 reputaret,
1345 2029 1371 2103 st
1395 2043 1590 2107 ioceurretet
1617 2035 1684 2114 its,
1719 2037 1774 2130 qui
1791 2056 1948 2103 *nurnero
1979 2027 2035 2102 ad·

743 2148 810 2218 huc
834 2136 957 2238 septem
980 2143 1139 2209 Ioannem
1167 2133 1462 2218 circumsteterant,
1485 2138 1649 2234 integrum
1676 2127 1748 2204 fore
1773 2130 1859 2215 allis,
1884 2137 1949 2204 iam
1975 2159 2034 2203 nu·

671 2302 674 2311 .
744 2269 839 2318 mero
867 2243 1035 2320 trecentis,
1058 2256 1232 2334 utrumque
1256 2231 1395 2307 adoriri:
1423 2241 1531 2334 primo
1555 2227 1838 2332 oportere'ceusuit
1854 2259 1932 2306 cum
1951 2231 2035 2306 mul·

745 2341 882 2420 titudine
908 2332 1104 2425 decernere}
1131 2335 1190 2408 illis
1216 2341 1305 2408 enim
1336 2333 1553 2416 cedentibus,
1580 2331 1754 2422 recessuros
1789 2338 1935 2430 pariter,
1976 2336 2035 2432 qui

651 2524 654 2529 ,
745 2453 906 2522 Ioannem
931 2437 1187 2512 circumstabant.
1240 2441 1414 2509 Concitato
1441 2434 1518 2509 iude
1543 2461 1630 2533 equo
1655 2441 1690 2506 in
1714 2431 1842 2506 medios
1861 2437 2034 2511 inuehitur.

744 2544 809 2622 Sed
835 2569 911 2616 cum
939 2570 980 2615 ex
1009 2545 1044 2610 iis
1071 2535 1248 2637 quemdam
1273 2535 1360 2609 hasla
1385 2538 1481 2613 vellet
1504 2557 1694 2636 percutere,
1723 2537 1881 2608 aberrauit
1914 2538 2035 2617 idlae,

743 2651 807 2722 hac
833 2666 929 2744 atque
952 2641 1025 2716 illac
1048 2638 1220 2710 inclinante
1245 2637 1403 2721 barbam,
1440 2659 1536 2738 atque
1567 2640 1717 2710 innoxius
1752 2663 1770 2708 a
1800 2635 1897 2710 latere
1930 2636 2039 2708 hallae

743 2773 862 2823 mucro
888 2741 1012 2814 decidit.
1063 2736 1164 2828 Quod
1191 2765 1267 2810 cum
1293 2742 1470 2815 Bacchinus
1495 2734 1583 2836 ipse,
1611 2758 1643 2810 et
1669 2743 1825 2837 quicum
1850 2734 2035 2835 ipsumam,

745 2843 1007 2946 conspexemnt,
1033 2836 1151 2913 omisso
1177 2844 1300 2912 Ioanne
1326 2835 1368 2910 ad
1398 2847 1632 2939 imperatorem
1662 2835 1754 2912 cursu
1787 2835 2048 2912 contendantur.¹

745 2957 855 3048 Atque
880 2942 956 3018 inde
980 2941 1133 3016 horribile
1167 2937 1246 3039 quid
1281 2937 1392 3018 videre
1426 2961 1500 3014 erat.
1550 2947 1699 3023 Verum,
1734 2940 1855 3012 abiecta
1887 2946 2035 3038 protinus

744 3051 854 3132 halla,
881 3051 1057 3145 imperaror
1079 3036 1214 3125 ensem,
1241 3067 1308 3142 quo
1336 3045 1500 3116 acciudlus
1526 3061 1613 3124 erat,
1640 3041 1795 3140 llringem
1829 3041 1967 3112 crebrius
2003 3045 2038 3112 in

740 3178 803 3226 eos
829 3142 953 3231 versat,
977 3141 1052 3221 ferit
1075 3140 1211 3216 vicisim
1238 3163 1270 3215 et
1294 3139 1427 3234 seritur;
1455 3141 1586 3226 donec,
1613 3137 1762 3240 dissipatis
1784 3140 1872 3224 aliis,
1899 3139 2036 3217 inillum

673 3258 676 3262 ’
744 3273 779 3330 et
804 3252 1028 3329 Bacchiuum‚
1053 3239 1246 3318 fortitudine
1270 3243 1517 3342 praecellentem
1541 3262 1576 3314 et
1598 3268 1739 3339 procero
1766 3237 1947 3315 admodum
1966 3267 2039 3338 corf

743 3379 828 3455 pore
853 3357 984 3432 virum,
1010 3366 1078 3419 tota
1101 3344 1216 3444 proelii
1241 3349 1287 3418 vis
1312 3347 1466 3418 incubuit.
1518 3341 1593 3416 Post
1617 3343 1757 3444 longum
1776 3369 1856 3443 ergo
1872 3365 2036 3416 certamen

713 3464 718 3476 ’
747 3455 927 3530 Bacchium
952 3447 1119 3522 maxillam
1145 3450 1346 3543 imperatoris
1397 3445 1483 3517 ladio
1509 3442 1682 3542 percussit:
1709 3465 1914 3518 nectamen
1948 3441 2037 3517 disse·

750 3582 821 3632 care
845 3555 953 3652 potuit
977 3544 1165 3649 dependens
1191 3573 1232 3618 ex
1258 3545 1348 3648 galea
1372 3474 1466 3645 super
1492 3544 1605 3638 oculm
1639 3544 1795 3620 velamen.
1846 3543 1940 3619 Adeo
1984 3573 2037 3618 au·

746 3678 817 3730 tem
842 3655 1019 3728 vehemens
1044 3653 1124 3720 illus
1150 3643 1234 3729 fuit,
1261 3667 1297 3720 vt
1310 3646 1420 3746 galeae
1439 3644 1642 3718 circuli‘non
1668 3643 1802 3721 modice
1829 3653 1914 3718 carni
1932 3649 2040 3720 inhae-

746 3772 878 3835 rerent,
907 3772 1064 3847 notatque
1088 3751 1321 3845 imprimerent.
1370 3753 1415 3820 At
1439 3750 1589 3846 princeps
1617 3767 1782 3846 arreptum
1807 3749 1958 3822 ebarbari
1972 3775 2042 3820 ma-

746 3859 838 3930 nibus
864 3846 974 3924 ensem
997 3845 1132 3948 patnteli
1157 3841 1215 3918 suo
1239 3845 1375 3928 tradidit.
1426 3844 1505 3919 lude
1531 3851 1649 3920 iterum
1679 3853 1713 3920 in
1744 3847 1872 3921 hostem
1907 3871 2039 3923 conter-

749 3955 828 4032 dere
856 3955 1077 4028 vehementius
1101 3949 1313 4047 peroptabat3
1340 3943 1395 4020 sed
1412 3952 1573 4046 impetum
1585 3949 1752 4023 inhibuere
1765 3970 1919 4048 vterque,
1944 3955 2038 4022 Ioan-

719 4123 722 4128 .
749 4087 808 4133 nes
835 4075 867 4128 et
891 4055 1076 4127 Bacchium.
1127 4053 1259 4149 Qrippe
1277 4057 1279 4067 '
1294 4070 1402 4148 captus
1433 4050 1581 4123 barbarus
1614 4048 1875 4122 beneuolentiam
1910 4050 2039 4123 simula·

749 4163 824 4233 bat:
850 4154 967 4254 capillis
993 4172 1101 4226 autem
1127 4155 1236 4250 capitis
1260 4143 1306 4223 sui
1332 4147 1490 4236 ostentis,
1522 4155 1692 4250 ingentem
1724 4151 1877 4224 innuebat
1907 4153 1952 4226 illi
1988 4179 2041 4226 oc·

747 4257 910 4334 censuram
935 4251 1186 4326 multitudinem.
1820 4283 1824 4291 ·

850 4363 905 4430 ‘Eo
932 4362 967 4427 in
989 4353 1116 4454 proelio
1143 4350 1269 4439 duobus
1293 4357 1327 4424 in
1351 4377 1415 4426 vna
1439 4379 1538 4424 manu
1564 4348 1669 4451 digitic
1694 4359 1836 4452 priuatus
1861 4353 1907 4427 est
1925 4357 2040 4427 Canta·

745 4485 897 4534 cnzenus.
947 4454 1103 4529 Tandem
1131 4452 1339 4554 quadraginta
1366 4459 1489 4528 circiter
1513 4458 1644 4552 captiuis
1677 4455 1820 4527 hostibus
1852 4453 1999 4528 addudlis
2026 4506 2037 4539 ‚

745 4569 783 4634 in
809 4559 906 4632 casira
921 4552 1072 4630 ¹reuersus
1097 4555 1142 4628 est
1173 4559 1362 4653 imperator,
1413 4556 1459 4630 Ibi
1496 4583 1573 4627 eum
1605 4549 1697 4627 subiit
1726 4555 1806 4628 illius
1839 4559 2037 4640 memoria,

747 4689 849 4762 qnem
867 4658 964 4758 paulo
991 4679 1065 4730 ante
1090 4655 1284 4755 prostratum
1310 4677 1341 4730 et
1359 4653 1560 4754 ligno-circa
1576 4655 1688 4727 oculos
1699 4676 1848 4729 notatum
1861 4657 2040 4757 reliquerat.

747 4769 853 4838 Hunc
878 4786 978 4859 ergo,
1003 4757 1145 4832 indicato
1172 4755 1290 4856 sigim,
1322 4756 1476 4857 quaesiuit
1500 4761 1535 4827 in
1559 4755 1682 4828 castris:
1706 4761 1763 4860 qui
1775 4764 1923 4832 inuentus
1935 4783 2036 4859 agno·

747 4869 799 4938 uit
825 4865 983 4938 victorem
1010 4879 1042 4932 et
1067 4855 1201 4933 viciffim
1226 4859 1266 4929 ab
1291 4859 1348 4932 illo
1374 4862 1498 4959 agnitus
1525 4855 1579 4928 est.

852 5065 924 5133 Nec
948 5063 991 5131 ita
1016 5058 1122 5134 multo
1148 5055 1222 5156 poll
1247 4963 1353 5157 legati
1369 5063 1407 5132 ab
1434 5061 1664 5158 Archizupano
1689 5062 1723 5129 in
1751 5059 1848 5134 castra
1868 5079 2043 5144 venerunt·

746 5165 809 5274 qui
841 5165 1089 5270 praeteriturum
1123 5159 1324 5240 obliuionem
1358 5159 1637 5268 deprecarentur:
1672 5159 1871 5264 statimque,
1907 5161 2052 5234 iubente]

1254 5311 1258 5315 -
1315 5301 1319 5308 ·
1889 5283 2036 5362 principe
