4642 6992
369 1320 372 1327 Ι
519 1290 574 1359 r
631 1200 815 1350 ΟΜ,
1060 1182 1634 1273 ¹reminiculum

440 1467 444 1476 Δ
522 1304 718 1442 malim
1293 1414 1323 1461 t
1351 1392 1515 1476 01341...

733 1523 915 1625 dequibus
942 1540 1077 1599 ventum
1104 1524 1208 1600 estin
1234 1525 1415 1603 confilium.
1467 1531 1553 1601 Non
1585 1514 1676 1601 euim
1706 1544 1797 1595 nunc
1830 1518 1874 1596 de
1888 1515 2051 1597 'sermoni-

735 1630 793 1701 bus
818 1625 951 1699 honella
990 1622 1094 1723 specie
1127 1628 1274 1702 confidlis
1297 1635 1487 1727 quaeritur:
1517 1626 1572 1701 sed
1610 1654 1723 1706 num,
1757 1648 1841 1723 quae
1871 1624 2052 1697 Alexander

735 1728 897 1829 postulat,
925 1724 1159 1809 concedenda,
1185 1756 1229 1801 an
1251 1736 1359 1828 potius
1384 1735 1482 1801 armis
1507 1757 1586 1803 cum
1609 1755 1652 1801 eo
1677 1724 1912 1824 depugandum
1924 1724 1971 1797 lit.
1996 1752 2051 1799 voa

644 1898 646 1905 ,
734 1851 864 1915 autern,
890 1828 1068 1925 posthabita
1095 1826 1332 1903 consultationis
1355 1837 1488 1903 materia
1502 1886 1513 1913 ,
1526 1828 1582 1903 ‘de
1604 1834 1675 1901 iure
1700 1826 1910 1927 institutisque
1935 1830 2052 1899 Roma·

643 1976 660 2069 t
731 1924 1472 2129 'llllllllll‘illilus‘llud
1489 1924 1847 2133 osliidslidisi
1863 1925 2052 2111 ml

732 2128 789 2207 sed
816 2136 996 2213 Romanis,
1022 2133 1083 2203 hae
1108 2132 1196 2231 leges
1220 2128 1498 2231 praescribuntur:
1522 2159 1588 2233 ego
1614 2154 1714 2206 unam
1738 2129 1825 2201 hauc
1835 2126 1944 2228 legem
1955 2154 2052 2228 agno-

734 2228 936 2323 sco‚·onmi
959 2234 1082 2303 ratione
1109 2260 1184 2305 mea
1208 2231 1388 2307 commoda
1412 2229 1568 2335 persequi
1617 2240 1829 2334 Quamquam
1858 2250 1967 2303 autem
1997 2254 2051 2303 vo·

735 2334 783 2406 bis
810 2337 844 2401 in
867 2326 959 2404 sacris
983 2327 1075 2425 asylis
1101 2330 1285 2409 Sismanum
1309 2335 1385 2409 licet
1408 2332 1626 2418 abscondere,
1651 2336 1744 2407 vibes
1767 2329 2051 2403 tamenetcaslella

733 2438 769 2505 in
794 2436 830 2503 iis
855 2430 1050 2507 abscondere
1075 2435 1266 2520 nonlicet,
1290 2462 1397 2534 neque
1422 2460 1566 2510 armenta
1593 2437 1694 2509 boum
1720 2452 1753 2505 et
1775 2458 1890 2533 greges
1920 2436 2048 2525 ouiurm

647 2516 722 2597 373·
735 2552 936 2631 caeterasque
961 2539 996 2605 in
1021 2538 1103 2633 agris
1131 2532 1316 2619 facultates,
1343 2539 1523 2635 exquibus
1555 2542 1637 2611 mihi
1667 2560 1789 2635 poenas
1820 2536 1954 2605 iniuriae
1983 2558 2049 2631 per·

730 2633 870 2711 soluetis.
917 2640 995 2709 Huc
1018 2640 1149 2735 itaque,
1174 2662 1247 2709 non
1272 2636 1313 2709 ad
1337 2634 1492 2735 speciosas
1517 2644 1679 2719 tatinum
1703 2632 2050 2708 accommodandam·

730 2738 779 2812 bis
804 2734 850 2807 esl
875 2732 1060 2809 deliberatio
1077 2770 1116 2787 ·-·
1130 2790 1169 2829 ‚,.
1195 2742 1292 2812 Tum
1323 2740 1622 2837 'patriarcha‚„-
1635 2745 1711 2837 Ego
1741 2742 1888 2834 primns,
1913 2740 2049 2837 inquit,

734 2842 834 2913 etiam
857 2832 924 2938 ipse
948 2835 1074 2919 fateor,
1100 2834 1369 2913 consultationem
1394 2840 1538 2913 nostram
1563 2838 1645 2911 nihil
1666 2836 1710 2910 ad
1734 2863 1772 2909 aa
1801 2833 1938 2921 facete,
1973 2860 2050 2935 quae

734 2944 771 3014 in
795 2940 1016 3039 quaestionem
1041 2936 1254 3015 adducuntur.
1304 2944 1384 3013 Non
1408 2946 1497 3015 enim
1510 2939 1732 3014 Alexandrum
1745 2958 1956 3019 curaturum,
1976 2964 2050 3013 mm

733 3046 886 3128 ratione,
918 3067 961 3111 an
987 3034 1074 3112 secus
1099 3046 1128 3111 ei
1152 3037 1404 3140 respondeatur:
1429 3038 1484 3113 sed
1509 3039 1681 3142 quomodo
1706 3042 1749 3112 ab
1770 3042 1862 3112 initio
1895 3035 1954 3109 libi
1983 3064 2052 3139 pro·

733 3138 841 3241 polita
866 3140 907 3215 ad
933 3140 1035 3213 finem
1059 3138 1240 3239 perducat,
1266 3140 1291 3215 fi
1317 3139 1422 3242 pollit.
1471 3148 1636 3241 Quocirca
1666 3158 1700 3214 et
1721 3136 1787 3240 ipse
1798 3165 1871 3212 non
1886 3134 1930 3211 de
1945 3141 2051 3224 verbis,

736 3238 793 3317 sed
819 3240 860 3315 de
885 3242 940 3317 illo
966 3242 1028 3316 alio
1056 3240 1188 3317 consilia
1214 3246 1362 3345 agitanda
1385 3240 1537 3329 sentim„
1583 3243 1662 3317 Aliis
1693 3242 1845 3315 omnibus
1870 3237 2052 3339 adstipulan·

736 3342 824 3521 031¹}
831 3394 851 3517 ‚l
869 3364 901 3415 et
924 3342 998 3444 poll
1022 3350 1183 3445 maguum
1207 3344 1425 3423 domesticum
1452 3342 1714 3423 consurrectione
1736 3338 1846 3428 faeta,
1882 3362 2052 3419 conueutu

729 3469 752 3517 θ
817 3462 931 3519 outus.
2151 3459 2153 3463 ὗ

647 3712 723 3797 379,
834 3683 996 3759 Postridie
1022 3686 1116 3780 [eius
1144 3682 1228 3769 diei,
1253 3711 1322 3787 quo
1348 3714 1486 3789 magnos
1510 3684 1705 3760 domesticus
1734 3680 1898 3766 tandem,
1930 3682 1969 3754 ab
1999 3684 2051 3751 im·
2150 3671 2151 3710 ³

736 3790 893 3887 peratrice
918 3809 950 3860 et
973 3789 1151 3885 patriarcha
1176 3807 1331 3887 rogatus,
1356 3788 1398 3861 ad
1421 3794 1597 3887 imperium
1621 3783 1910 3859 administrandum
1923 3779 2052 3875 acceffit]

737 3886 913 3963 Alexandri
936 3894 1018 3987 regie
1041 3888 1168 3988 legatos
1202 3896 1238 3960 in
1263 3889 1418 3988 palatium
1443 3895 1583 3973 accitos,
1609 3887 1688 3988 quid
1713 3890 1862 3961 venirent
1886 3891 2051 4054 interroga
2150 3915 2151 3928 ¹

736 3992 794 4063 uit.
844 3994 910 4077 Qui
934 3993 1180 4072 iuramentum,
1203 3987 1293 4089 quod
1316 3995 1495 4090 imperator
1520 3989 1707 4063 Alexandro
1731 3992 1820 4087 pacis
1848 4012 1930 4085 ergo
1963 3982 2003 4056 de
2024 4009 2052 4054 e·

735 4111 807 4173 rat,
834 4090 1080 4182 exhibentem„
1109 4096 1220 4164 Petere
1245 4096 1355 4177 aiunt,
1381 4112 1436 4165 aut
1459 4087 1640 4164 Sismanum
1651 4088 1732 4173 fibi,
1757 4084 2051 4187 regissuihostem,
2149 4129 2150 4174 7

734 4188 842 4272 tradi,
869 4210 922 4263 aut
946 4196 1189 4278 iuramentum,
1215 4211 1251 4265 vt
1274 4218 1354 4289 pace
1377 4197 1444 4265 iam
1467 4198 1573 4277 irrita,
1600 4196 1708 4290 recipi.
1755 4192 1878 4287 Neque
1902 4191 1991 4259 enim
2007 4180 2053 4255 sc·
2149 4205 2150 4234 ¹

739 4316 776 4362 re
802 4288 919 4361 iustum
944 4311 999 4379 aut
1023 4290 1208 4379 tolerabile,
1236 4288 1320 4389 ipsos
1345 4292 1480 4393 quidem
1514 4314 1618 4370 certos
1649 4315 1682 4365 et
1719 4289 1902 4362 constantes
1937 4291 2052 4359 amico·

740 4416 779 4461 ac
805 4386 909 4462 socios
933 4392 1164 4465 Romanontm
1191 4383 1276 4479 esse3
1301 4393 1370 4467 illos
1396 4416 1528 4488 autem,
1559 4420 1675 4467 eontm
1700 4390 1806 4465 holles
1833 4386 2053 4461 insenslffimoa

742 4488 956 4587 recipiendo,
982 4488 1100 4565 foedus
1126 4490 1293 4576 violare„
1319 4500 1412 4569 Haec
1436 4495 1556 4595 legati,
1580 4492 1661 4567 fallu
1688 4514 1720 4566 et
1745 4495 1927 4591 arrogantia
1951 4489 2050 4589 pleni·

739 4588 819 4663 nihil
846 4590 1101 4667 contraditluros
1125 4598 1319 4683 Ronanus,
1342 4593 1398 4671 sed
1433 4596 1599 4698 extemplo
1641 4591 1826 4669 Sisnauum
1863 4590 1938 4667 belli
1969 4607 2052 4662 metu

736 4689 921 4765 reddituros
946 4696 1077 4794 opinati.

1918 4798 1952 4885 §‹
1975 4794 2052 4883 tta

775 4939 838 5004 aa·
859 4904 994 4991 nnn
1018 4952 1046 5013 p.
1072 4948 1124 5006 355·
1260 4882 1265 4890 ’
1462 4948 1526 5013 379.
1559 4932 1847 5000 ‹inuncvznvs
1883 4918 1927 4984 τ.
1956 4917 1992 4980 u
2017 4935 2047 4999 p.

775 5014 830 5091 g)
860 5015 977 5073 Horum
1012 5020 1099 5078 etiam
1132 5010 1210 5075 infra
1232 5011 1273 5095 'p.
1302 5010 1371 5086 ⁸410.
1420 5035 1477 5102 ³7¹·

658 5098 660 5104 ’
736 5098 819 5244 3ιηῦ
843 5100 876 5167 in
899 5100 1017 5171 transtu
1041 5104 1176 5171 meminit
1198 5103 1371 5169 Cantatum-

762 5200 805 5253 ua.
