4642 6992
624 1236 632 1249 ”
714 1271 722 1289 ·
768 1216 1072 1295 CAPVT'XV.

735 1436 743 1455 ’
823 1440 843 1489 a
876 1420 908 1493 C
942 1440 972 1491 ιι
1013 1472 1022 1493 .

253 1566 303 1641 ob
329 1556 503 1659 superbum
527 1570 561 1626 et
585 1531 680 1625 ferox
715 1548 926 1623 barbarorum
961 1440 1181 1649 rispensmm
1210 1566 1245 1623 et
1272 1549 1478 1651 conditiones
1508 1552 1581 1625 Ro·
1666 1618 1670 1623 .

255 1668 365 1743 manis
391 1650 573 1733 inhonestat
598 1672 631 1727 et
655 1648 876 1723 intolerabiles.
925 1654 1018 1723 Dum
1044 1671 1153 1726 autem
1179 1654 1356 1750 imperator
1387 1658 1432 1725 in·
1456 1657 1582 1727 oriente
1701 1662 1705 1672 ⁴

254 1761 425 1845 versatur,
450 1761 496 1830 ‘in
519 1754 730 1855 Bulgaricum
750 1776 867 1851 agrum
892 1755 979 1823 iuxta
1006 1754 1113 1825 Serrar
1137 1752 1173 1817 ⁰)
1193 1750 1378 1827 incurfione
1401 1746 1509 1838 salla,
1534 1756 1581 1829 vi-
1634 1806 1639 1813 -
1689 1840 1694 1849 .
1751 1812 1756 1821 .

257 1873 379 1967 (laque
402 1862 533 1959 legione
559 1860 736 1946 Romana,
762 1874 834 1926 tum
860 1850 938 1926 alios
964 1852 1123 1953 plurimos
1156 1852 1243 1927 male
1276 1858 1474 1939 nectamur,
1508 1874 1583 1930 tum

255 1965 368 2073 ipsum
392 1968 524 2041 Ducam
548 1956 701 2069 alexium
725 1950 890 2055 Aspietem
919 1973 1097 2056 ceperint,
1125 1953 1227 2028 multa
1251 1983 1294 2031 ue
1323 1954 1448 2031 castele
1478 1982 1520 2030 ex

228 2084 427 2174 *gnomon
453 2062 566 2163 quibus¹
589 2058 743 2182 firmatio,
770 2082 848 2131 cum
884 2052 1110 2135 innumerabili
1147 2083 1173 2160 p
1303 2053 1445 2138 domum
1540 2062 1550 2077 '

257 2190 350 2280 mm
650 2254 764 2273 ’“
858 2260 989 2358 im

335 2466 340 2474 .
372 2410 424 2481 lm
447 2420 560 2491 erator
578 2422 682 2485 vero,
705 2414 743 2472 vt
766 2418 916 2483 caueret,
941 2404 984 2473 'ne
1009 2396 1089 2503 quitl
1115 2396 1219 2475 limile
1240 2404 1278 2473 in
1307 2396 1477 2521 posterum
1505 2400 1588 2475 aeci·

259 2509 378 2594 ‹leret‚
403 2430 556 2581 tlaaeium
583 2498 885 2584 sebastocratorem‚
909 2526 1070 2603 generum
1095 2496 1208 2588 suum,
1231 2500 1588 2605 cumruslircopiirab⁴

259 2611 362 2712 legat.
412 2602 552 2701 Quane
578 2596 771 2677 causacum
797 2602 907 2676 Blachi
932 2600 1169 2705 aquibtudam
1191 2624 1435 2691 mouerentur,
1468 2630 1513 2678 ne
1542 2622 1590 2677 te·
1676 2619 1679 2623 ’

260 2738 359 2819 mepe
383 2729 415 2785 et
439 2701 644 2783 confidenter
670 2708 705 2775 in
729 2706 901 2778 Romanor
932 2708 1121 2791 eruerent,
1150 2700 1207 2779 sed
1236 2704 1378 2781 militatis
1410 2709 1509 2780 mam
1539 2697 1590 2779 so·

260 2814 377 2889 lertiae
402 2830 434 2885 et
459 2806 526 2883 doli
553 2800 769 2881 meminissent
794 2806 903 2897 (nam
929 2804 1040 2881 audire
1063 2801 1118 2892 se,
1143 2812 1304 2911 imperare
1327 2812 1436 2882 vnum
1461 2804 1591 2881 bellion-

259 2912 365 3005 snm,
392 2934 423 2990 ct
446 2906 543 2985 fratre
578 2906 679 3009 longe
711 2906 975 3005 praestantiorem
990 2912 1030 3005 ):
1066 2904 1151 2983 Asan
1192 2904 1367 2983 insolenter
1401 2902 1590 3009 respondit:

262 3019 381 3105 „Non
407 3009 534 3111 semper
560 2998 666 3083 lernae
692 3006 886 3109 praebendas
911 3004 974 3083 esse
998 3036 1113 3095 aures,
1141 3036 1227 3095 nec,
1253 3008 1280 3083 fi
1328 3034 1526 3110 nemenpro
1545 3008 1608 3083 vi·-

262 3144 304 3193 ro
336 3114 414 3190 sorti
440 3114 601 3194 celebret,
628 3136 704 3183 eum
730 3108 834 3183 llatim
861 3130 896 3185 vt
920 3108 1019 3185 talem
1048 3106 1112 3185 esse
1141 3036 1413 3196 lormidaolum,
1443 3136 1530 3194 nec,
1562 3104 1591 3181 fi

287 3224 342 3293 uir
370 3242 430 3315 pro
445 3210 563 3289 timido
589 3232 622 3287 et
647 3214 768 3313 ignauo
781 3208 988 3298 traducatur,
1014 3206 1234 3313 spernendum
1246 3233 1279 3287 et
1289 3208 1503 3288 reiiciendum
1516 3204 1592 3285 effe:

259 3248 323 3396 sed
347 3312 470 3391 sarnam
495 3335 530 3391 vt
555 3320 790 3387 nouomnino
816 3339 957 3397 vanam,
991 3308 1176 3413 praesertim
1208 3336 1277 3387 tam
1301 3314 1487 3407 celebrem,
1519 3336 1593 3385 non

266 3418 406 3524 quidem
435 3416 530 3517 plane
557 3412 857 3501 contemnendam,
881 3411 936 3487 sed
969 3412 1010 3488 ad
1042 3441 1093 3487 rer
1131 3407 1247 3517 gestas*
1271 3442 1411 3498 eorum,
1450 3418 1507 3520 qui
1538 3408 1593 3487 vel

248 3522 354 3601 ,male
381 3518 431 3595 vel
452 3513 537 3591 ‘bene
562 3513 893 3617 audiant‚'tanquam
919 3514 960 3588 ad
986 3512 1129 3610 Lydium
1160 3519 1189 3591 la
1216 3514 1326 3604 idem‘,
1358 3514 1592 3617 exigendam:

261 3623 361 3725 saepe
386 3644 483 3694 ettam
511 3620 609 3692 oculo
636 3614 791 3691 iudicium
818 3614 1098 3717 permittendrun‚
1123 3637 1155 3691 et
1180 3544 1226 3691 tic
1252 3644 1325 3691 eam
1350 3618 1403 3695 vel
1427 3640 1462 3693 vt
1479 3640 1593 3691 veram
1675 3607 1683 3621 ’

261 3721 495 3829 probandam,
524 3717 574 3793 vel
599 3738 634 3791 vt
659 3714 769 3794 falsam
808 3717 1055 3819 repudiandam.
1103 3723 1206 3809 Aures
1246 3724 1336 3793 enim
1372 3746 1443 3793 non
1482 3713 1594 3793 videre

264 3822 371 3929 ipsam
397 3850 491 3905 rem,
516 3816 571 3893 sed
596 3820 771 3893 alienarum
796 3818 982 3921 linguarum
1008 3840 1039 3893 et
1062 3810 1155 3921 saepe
1187 3814 1392 3915 aduersarum
1422 3816 1594 3919 strepitum

266 3922 482 4013 conseruarc;
510 3918 611 3995 visum
639 3948 716 3995 vero
743 3942 881 3995 certum.
896 3918 958 3994 esse
984 3946 1091 3995 rerum
1118 3916 1296 3995 arbitrn'm:
1323 3940 1356 3996 et
1382 3919 1481 4021 pluria
1507 3912 1609 4001 esser
1664 3956 1667 3962 ¹

266 4053 301 4105 vt
330 4032 374 4101 ait
400 4031 579 4105 Comicus,
605 4050 706 4097 vnum
734 4024 899 4096 oculatum
926 4020 1062 4104 testem,
1088 4048 1187 4121 quam
1213 4027 1332 4097 auritos
1356 4018 1495 4105 decem,
1537 4021 1595 4117 qui

266 4158 339 4205 non
366 4126 470 4200 alieno
496 4122 705 4210 testimonio,
728 4120 783 4197 sed
810 4120 866 4199 suo
893 4124 1117 4221 experimento
1155 4130 1275 4197 nitatur
1296 4123 1345 4195 a).
1377 4128 1460 4197 Non
1497 4126 1596 4193 iitur

267 4260 324 4309 eos
354 4232 481 4303 rnoueri
507 4248 683 4323 oportere,
712 4224 803 4321 quod
828 4230 883 4299 hie
923 4227 1156 4297 Romanorum
1199 4232 1378 4327 imperator
1415 4228 1464 4297 vir
1499 4148 1596 4315 sartis

268 4332 498 4435 perhibeatur:
525 4324 578 4399 sed
606 4355 648 4399 an
670 4327 737 4399 talis
764 4324 824 4405 lit,
850 4354 891 4401 ex
928 4328 1071 4399 anteasla
1097 4330 1163 4399 eius
1193 4332 1257 4401 vita
1288 4327 1508 4397 coniecturam
1546 4347 1597 4393 ca·
1707 4414 1713 4425 .
1741 4326 1746 4347 “

267 4432 434 4537 piendam.
485 4433 597 4523 ‚Quam
623 4426 647 4501 s1
673 4424 846 4501 accuratius
871 4432 1076 4510 intueantur,
1102 4426 1187 4500 nihil
1209 4428 1419 4530 unquamlab
1456 4452 1498 4501 eo
1532 4419 1596 4497 elle

1541 4550 1600 4625 ge-

323 4742 375 4839 o)
404 4764 477 4821 rore
491 4768 568 4843 περι
582 4748 804 4841 corbeieae
818 4750 907 4821 uan-
958 4764 1102 4839 μαξτυς
1128 4736 1172 4815 aiv
1196 4739 1377 4831 celeuma
1407 4730 1601 4839 ἆπόιξφλο·

272 4874 431 4945 Ὺαξικσις
457 4846 606 4941 &aptoton
960 4868 1084 4935 Ὺιςος,
1108 4834 1180 4936 οὐχ
1205 4840 1385 4942 ’ἕτεςωθεν
1418 4835 1602 4940 εἰσχεομ-

315 4950 376 5041 p)
402 4942 580 5041 dapenna
604 4938 647 5039 le*
664 4947 716 5025 ε’ςι
756 4974 826 5021 rot
861 4970 912 5037 γι·
961 4972 1013 5025 νην
1039 4944 1134 5037 ἔχων
1149 4972 1212 5031 την
1238 4973 1358 5036 atreo,
1383 4936 1431 5019 tic
1444 4970 1507 5030 ant
1527 4972 1599 5019 των
1676 4973 1680 4980 ’

272 5040 910 5163 roparovllmrnrneo'pflanpaem
961 5058 1156 5147 λεγομενων
1189 5040 1240 5126 eir
1271 5049 1416 5141 ἕνοικησν
1442 5040 1557 5135 elnam

274 5166 720 5263 mmnuum
873 5184 1159 5259 sm:¹
