4642 6992
743 1222 828 1313 εις,
1197 1200 1605 1289 summarium

757 1415 914 1521 ‘nis'post
929 1425 963 1490 'a
988 1408 1031 1490 C.
1056 1426 1143 1509 12'45.
1160 1410 1322 1500 ioanne,
1346 1438 1612 1497 cucurutium,
1638 1412 1705 1486 eius
1728 1430 1771 1485 ex
1794 1433 1902 1490 ποτε
1918 1417 2040 1519 Vogesi

747 1520 871 1605 ‘flium
893 1525 929 1594 in
953 1542 1060 1617 regno
1085 1513 1234 1603 sucess‘rt,
1257 1544 1296 1590 ac
1320 1542 1534 1616 pacemccum
1553 1519 1712 1617 Romanis
1730 1514 1944 1595 confimtauit.
1969 1525 2038 1594 Hos

747 1634 919 1724 quoque,
938 1616 1151 1693 duodecimo
1180 1624 1288 1693 aetatis
1320 1643 1434 1703 anno,
1457 1614 1529 1691 satis
1557 1612 1699 1703 sunno,
1721 1643 1925 1703 »κωμικὴ
1949 1646 2037 1721 quem

750 1726 899 1797 ioannes
923 1748 966 1794 ex
978 1719 1095 1819 Angesi
1107 1720 1308 1800 Theodori,
1336 1715 1587 1795 Thessalonicae
1597 1717 1856 1819 Despotae‚-filia
1867 1717 2036 1822 susceperat,

746 1820 946 1899 admodtun
970 1827 1096 1895 iuuenis
1117 1848 1259 1923 regnum
1286 1816 1427 1921 suscepit.
1478 1826 1558 1895 Hoc
1584 1840 1714 1923 tempus
1745 1842 1967 1920 opportunum
1996 1852 2037 1896 ra·
2064 1876 2065 1887 a

750 1944 811 1999 tus
835 1932 974 2002 Ioannes
998 1928 1129 2008 Docas,
1153 1924 1240 1998 besso
1270 1928 1306 1996 in
1338 1922 1497 2022 Busgaros
1526 1942 1648 2005 moto,
1672 1922 1788 1997 mustos
1819 1925 1933 2008 urbes,
1965 1951 2037 2025 quae

718 2091 722 2097 .
746 2026 805 2103 iti
829 2048 922 2101 antea
946 2043 1165 2141 occuparant,
1192 2022 1283 2098 uulso
1307 2024 1420 2097 labore
1442 2030 1585 2125 recepit3
1610 2044 1646 2096 et
1668 2030 1711 2098 ita
1735 2020 1876 2099 demum
1899 2032 2037 2101 cumMi-

744 2128 873 2204 emese
895 2153 1010 2227 pacem
1035 2122 1124 2200 fecit.
1171 2125 1247 2201 Posi
1273 2127 1400 2199 obitum
1424 2154 1507 2201 vero
1529 2131 1659 2199 ioannis
1680 2128 1819 2205 Ducae,
1844 2154 1875 2199 a.
1897 2131 1936 2201 C.
1967 2132 2037 2221 1256.

745 2237 836 2305 ‘eunt
859 2228 1006 2307 Michael
1029 2226 1183 2301 occiduas
1205 2232 1358 2328 regiones
1379 2224 1543 2327 praesidiis
1565 2224 1670 2301 nudas
1691 2223 1915 2324 consiceret,
1940 2234 1973 2303 in
1994 2256 2037 2305 sas

754 2336 894 2431 irrupit,
917 2344 952 2404 'et
981 2335 1121 2412 omnia,
1149 2351 1293 2431 quorum
1325 2332 1471 2405 Romani
1506 2325 1596 2401 breui
1626 2349 1703 2403 ante
1731 2334 1828 2429 potiti
1863 2352 1971 2417 erant,
1990 2322 2036 2403 sub

745 2432 977 2533 ‘Bulgaromtn
1001 2429 1162 2504 ditionem
1189 2429 1337 2531 redegit3
1362 2430 1502 2514 incolis,
1527 2436 1584 2530 qui
1608 2436 1789 2503 maximam
1848 2454 1947 2509 artem
1973 2430 2036 2509 *ltus

746 2540 828 2635 ‘gari
853 2553 967 2617 erant,
984 2554 1029 2606 et
1051 2534 1261 2631 popularibus
1284 2529 1370 2615 suis,
1394 2558 1494 2632 quam
1517 2536 1703 2615 Romanis,
1725 2529 1780 2605 sub
1826 2560 1850 2605 e
1873 2530 1960 2607 sarnus
1989 2530 2036 2605 du·

747 2636 897 2719 'sebaim
919 2632 1006 2710 vltro
1029 2630 1232 2709 deditionem
1259 2629 1456 2707 facientibus.
1504 2638 1568 2707 His
1592 2637 1725 2707 condius
1746 2638 1926 2733 imperator
1936 2634 2036 2708 Theo·

746 2732 860 2810 'asotos
881 2732 1019 2811 Lascan's
1043 2762 1120 2808 cum
1148 2740 1291 2809 exercitu
1316 2740 1353 2806 in
1376 2741 1547 2834 Europam
1572 2739 1703 2809 traiecit.
1751 2736 1843 2809 Bello
1857 2733 2034 2837 aliquamdiu

747 2862 834 2912 tum
859 2837 1002 2938 Busgan's
1024 2836 1145 2937 gesso,
1170 2856 1206 2910 et
1228 2836 1370 2937 pluribus
1394 2838 1524 2911 urbibus
1545 2842 1709 2935 receptis,
1735 2835 1872 2911 tandem
1901 2863 2035 2939 pacem,

620 2968 624 2978 ·
748 2936 800 3012 de
823 2966 888 3039 qua
911 2940 1057 3015 Michaes
1081 2938 1227 3039 legatum
1251 2935 1293 3010 ad
1317 2934 1424 3037 ipsum
1450 2936 1690 3020 destinauerat,
1722 2936 1865 3013 admisit.
1912 2944 2035 3014 Mortuo

753 3040 844 3115 breui
870 3040 945 3141 post
970 3070 1000 3113 a.
1024 3044 1170 3134 01257.
1196 3039 1248 3115 ves
1273 3054 1357 3132 1258.
1380 3040 1570 3124 Michaese,
1595 3067 1673 3113 cum
1697 3039 1806 3116 nullos
1829 3036 1994 3140 reliquisset
2006 3038 2036 3110 si·
2142 3052 2144 3131 t

751 3142 872 3227 beros,
895 3142 1027 3242 Bulgari
1051 3168 1232 3225 urrann,
1257 3136 1373 3224 sororis
1390 3148 1458 3215 eius
1474 3141 1604 3227 sisium,
1624 3142 1960 3242 regem-appellarunt.
1980 3142 2036 3240 Qti
2142 3138 2144 3207 i

749 3269 833 3319 tum
858 3248 987 3344 ignauia
1010 3238 1066 3317 sua
1089 3270 1162 3321 rem
1188 3242 1391 3343 Busgaricam
1418 3238 1642 3317 insomnium
1669 3238 1870 3317 adduc‘surus
1884 3239 2035 3315 discrimen

753 3343 942 3436 videretur3
965 3344 1199 3419 Constantinus
1221 3346 1408 3429 Toechus,
1431 3349 1483 3418 vir
1504 3342 1676 3443 prudentia
1701 3368 1741 3417 ac
1764 3346 1888 3418 robore
1913 3340 2036 3444 insignis,

752 3440 2039 3648 {isidis‚f‘ss‘sssssstiffidisisfffflndffss‘iiieffsflinssissi

753 3676 839 3734 am,
860 3649 1005 3750 indeque
1026 3646 1069 3721 ad
1091 3654 1326 3749 imperatorem
1346 3647 1574 3724 Theodorum
1600 3642 1750 3721 [ascario
1781 3652 1940 3723 Nicaeam
1972 3672 2038 3719 con·

752 3749 934 3924 fugitdmA
957 3776 1028 3924 pun
1049 3751 1196 3850 benigne
1216 3746 1399 3848 susceptus,
1425 3748 1630 3851 praediisque
1652 3755 1739 3822 circa
1763 3753 1909 3825 Troiam
1933 3752 2037 3822 etSca·

753 3878 833 3927 man
895 3878 933 3924 m

751 3956 824 4028 hoc
841 3949 955 4026 modo
978 3955 1073 4051 regni
1095 3958 1239 4050 potitus,
1266 3972 1304 4029 vt
1324 3953 1429 4054 aliqua
1455 3972 1565 4026 tamen
1589 3960 1665 4026 iuris
1690 3948 1796 4053 specie
1816 3951 2039 4028 ilsudobtinere

753 4050 944 4138 uideretur,
967 4048 1148 4128 Theodori
1171 4052 1256 4129 Lasc.
1280 4052 1382 4128 filiam
1406 4060 1549 4139 Irenen,
1574 4050 1710 4138 Alanis,
1733 4055 1815 4129 osim
1837 4055 2038 4154 Bulgarorurn

752 4160 866 4257 regis,
892 4181 935 4227 ex
957 4153 1023 4227 filia
1046 4176 1205 4253 neptem,
1230 4160 1265 4227 in
1291 4161 1540 4229 matrimonium
1562 4160 1702 4257 rogauit.
1750 4162 1863 4260 Qum
1887 4158 1940 4231 vbi
1962 4180 2036 4227 acce·

752 4262 828 4358 pit,
853 4260 998 4355 priorem
1022 4250 1113 4328 suam
1137 4261 1333 4358 ooniugem,
1358 4257 1402 4331 ad
1425 4262 1660 4356 imperatorem
1680 4260 1839 4331 Nicaeam
1865 4254 1960 4330 misit.
1983 4260 2038 4329 De·

751 4352 876 4432 functo
897 4383 967 4430 non
992 4354 1050 4429 diu
1074 4358 1151 4455 post
1182 4386 1211 4431 a.
1243 4362 1281 4432 C.
1315 4384 1401 4452 1259.
1429 4358 1622 4431 Theodoro
1652 4364 1876 4457 imperatore,
1908 4352 2036 4432 Michael

981 3870 1118 3933 onatus,
1139 3851 1185 3923 ibi
1208 3878 1286 3925 cum
1305 3848 1366 3924 suis
1381 3854 1543 3925 habitauit.
1569 3876 1869 3927 constituamus
1886 3876 2037 3925 concava
2141 3858 2142 3903 ἒ

752 4458 969 4559 Palaeosogus
989 4464 1141 4557 imperii,
1165 4485 1235 4558 quo
1260 4459 1440 4534 Theodori
1464 4456 1550 4533 Lasc.
1575 4458 1681 4534 silium
1706 4464 1869 4552 Ioannem
1893 4456 2039 4557 spoliauit,
2139 4536 2140 4541 ἵ

752 4564 879 4659 potitus
902 4559 959 4634 esi.
1006 4563 1107 4633 Hanc
1129 4557 1220 4635 fratri
1245 4554 1305 4634 fito
1327 4561 1445 4635 iliatam
1473 4566 1622 4635 iniuriam
1648 4580 1687 4637 vt
1709 4567 1806 4636 armis
1831 4558 2037 4637 ulcisceretur,

751 4666 845 4759 hene
879 4666 1058 4762 coniugem
1077 4680 1253 4761 perpetuo
1280 4663 1466 4739 stimulabat.
1493 4668 1550 4764 qui
1575 4664 1621 4736 ob
1642 4665 1735 4737 urbes
1761 4664 1906 4764 Busgaris
1928 4678 2038 4758 ereptas

752 4768 943 4863 imperatori
967 4783 1002 4836 et
1023 4776 1118 4837 antea
1143 4758 1286 4837 infensus
1311 4786 1385 4839 erat.
1435 4768 1497 4839 Rei
1523 4790 1606 4839 vero
1628 4762 1870 4867 aggrediendae
1900 4784 2039 4838 commo·
2138 4846 2139 4851 Ἰ

752 4860 831 4938 dam
856 4882 938 4938 tunc
960 4866 1108 4964 praebuit
1131 4860 1259 4939 causam
1283 4865 1431 4940 Sultanus
1453 4870 1615 4939 Azatines.
1666 4871 1733 4941 Hic
1758 4872 1849 4941 enim
1871 4862 1956 4966 apud
1977 4864 2037 4934 Ro·

750 4988 871 5041 manos
895 4971 962 5039 iam
992 4959 1050 5047 diu
1074 4986 1348 5050 moratusscum
1371 4966 1494 5041 nussam
1518 4964 1639 5041 reditus
1661 4965 1752 5068 spem
1780 4971 1933 5049 haberet,
1957 4968 2036 5037 con·

679 5067 688 5074 ’
750 5067 927 5141 {sanonum
956 5092 1019 5164 per
1051 5065 1159 5142 fidum
1199 5069 1373 5143 hominem
1405 5074 1565 5170 rogauit,
1600 5088 1664 5155 vt,
1701 5066 1862 5144 adiuneiis
1892 5060 1948 5140 sibi
1976 5065 2035 5136 Ta·

721 5187 901 5261 ,matun
922 5167 1073 5261 amosiis,
1103 5172 1266 5253 nomon
1296 5171 1419 5250 bellum
1443 5163 1600 5257 inform,
1632 5198 1791 5275 magnam
1815 5166 1926 5257 eidi
1948 5162 2036 5365 ῐρὲῑΡιιῖ
