4642 6992
740 1206 806 1289 348
944 1227 951 1239 ·
1175 1192 1591 1272 SERVICO‘RVM

1248 1446 1256 1457 ·
1339 1399 1378 1473 C.
1414 1420 1427 1469 r
1466 1416 1495 1469 ⁴.

741 1520 829 1591 enim
853 1498 904 1588 eoj
922 1506 1085 1616 superstite
1109 1418 1512 1592 inimicitiastexercebltbt
1564 1516 1701 1588 Summa
1734 1510 1903 1611 legationis
1932 1511 2030 1598 'erasg

741 1640 799 1702 vt,
833 1612 952 1691 ornillo
978 1619 1063 1693 bello
1087 1625 1170 1694 inter
1196 1615 1251 1703 le,
1284 1620 1456 1703 barbaros,
1487 1612 1667 1719 quiessent
1701 1619 1735 1689 in
1761 1616 1929 1697 Thracia,
1957 1618 2041 1693 Ros

742 1744 919 1793 manorum
946 1719 1237 1821 Triballorurnque
1264 1725 1444 1819 prouincias
1470 1715 1652 1794 infestantes
1677 1736 1711 1791 et
1735 1711 1856 1795 &fidus
1883 1712 2034 1818 depopu-

741 1820 865 1905 lantes,
891 1826 1071 1920 ooniunffis
1098 1829 1203 1924 copiis
1228 1820 1426 1898 inuaderent.
1461 1878 1467 1887 .
1561 1914 1571 1933 s

860 1987 1015 2061 Cralaena
1040 2010 1073 2063 et
1097 1993 1220 2063 omnes
1240 2014 1390 2089 proceres
1414 1985 1553 2061 Triballi
1576 1983 1775 2085 legationem
1799 1978 1926 2085 placide
1948 1980 2039 2057 audi-

743 2102 861 2171 erunt,
889 2108 922 2160 et
947 2115 1050 2190 aeque
1075 2088 1180 2165 visum
1206 2096 1301 2163 amris
1318 2086 1517 2191 appetendos
1531 2082 1592 2162 elle
1610 2087 1779 2171 barbaros,
1806 2089 2038 2187 patriarcham·

713 2245 716 2250 «
744 2216 808 2292 que
832 2186 979 2262 laudibus
1011 2218 1049 2263 ac
1086 2197 1293 2266 veneratione
1328 2219 1398 2265 nou
1431 2216 1530 2291 parua
1559 2188 1771 2272 afficiebant,
1803 2208 1837 2262 et
1860 2183 2038 2262 Elisaberha

769 2296 917 2388 raecipue
941 2294 1025 2365 mira
1048 2289 1141 2367 illurn
1170 2292 1395 2370 beneuolentiae
1431 2292 1603 2375 sarusar,
1633 2284 1762 2391 seseque
1791 2288 1893 2366 deum
1925 2316 2041 2395 quetu-

743 2318 822 2467 bam
847 2386 989 2491 hospitio
1015 2392 1170 2501 accepill‘e
1193 2394 1335 2498 putabat.

852 2562 972 2633 Euenit
995 2581 1127 2646 autem,
1158 2581 1194 2637 vt
1217 2582 1251 2635 et
1272 2556 1338 2661 ipse
1364 2561 1543 2661 patriarcha
1566 2577 1599 2633 et
1623 2562 1760 2636 oomites
1791 2562 1882 2642 eius,
1917 2574 2045 2657 praeter

748 2683 895 2758 paucos,
921 2655 1018 2735 saeuo
1044 2669 1185 2763 correpti
1211 2666 1332 2738 morbo
1358 2689 1475 2737 ornnes
1500 2666 1673 2739 mterirent.
1723 2660 1872 2735 Ducebat
1893 2654 2044 2735 issecum

747 2756 791 2831 de
816 2758 905 2834 clero
930 2763 1083 2837 ecclefiae
1104 2770 1299 2866 primarios:
1334 2762 1422 2837 vnde
1451 2760 1540 2839 fama
1573 2788 1631 2862 per
1655 2761 1778 2836 multos
1801 2758 1945 2859 diffipata
1974 2758 2042 2845 est,

706 2900 710 2909 ¹
746 2886 879 2937 veneno
909 2857 1047 2939 sublatos
1082 2892 1102 2937 a
1131 2867 1316 2950 Triballis,
1350 2860 1424 2940 sane
1457 2858 1630 2939 manifesto
1662 2860 1835 2939 mendacio
1865 2882 1964 2963 atque
1997 2886 2047 2934 ea·
2158 2918 2159 2937 r

747 2960 880 3037 lumnia
931 2966 1013 3039 Non
1038 2971 1127 3040 enirn
1153 2964 1260 3042 solum
1288 2965 1463 3043 Cralaeuae
1487 2971 1627 3068 aequitas
1652 2986 1685 3043 et
1703 2967 1909 3049 reuerentia,
1932 2966 2047 3039 honor
2158 2942 2159 3021 l

750 3086 790 3135 ac
816 3060 957 3136 studium
982 3096 1058 3169 erga
1084 3073 1300 3169 patriarcham
1323 3076 1438 3145 viuum
1463 3078 1559 3170 aitque
1585 3090 1777 3157 mortuum,
1801 3061 1854 3141 sed
1879 3084 1913 3139 et
1935 3066 2044 3155 morbi
2158 3078 2159 3151 Ῑ

749 3189 876 3266 genus,
908 3190 976 3265 quo
1002 3175 1137 3273 quisque
1162 3168 1333 3246 confeelus
1361 3173 1463 3255 obiit,
1495 3170 1592 3244 talem
1620 3168 1661 3244 de
1688 3196 1725 3243 ea
1749 3163 1967 3267 suspicionem
1991 3191 2044 3265 pe·
2158 3180 2159 3249 j

633 3316 642 3325 ·
749 3270 837 3340 nitus
862 3271 1085 3366 prohibebant
1134 3272 1277 3347 Diuerfis
1301 3298 1445 3373 namque
1468 3273 1614 3355 morbis,
1639 3290 1672 3346 et
1686 3296 1749 3345 nec
1774 3267 1842 3342 dno
1858 3264 1970 3341 saltem
1988 3292 2042 3354 eo·

751 3364 831 3441 dern
856 3368 1002 3449 exstinc‘li
1039 3370 1119 3447 sunt.
1170 3377 1369 3449 Paniarchae
1394 3370 1552 3449 defunelo
1588 3378 1623 3445 in
1656 3370 1832 3471 metropoli
1863 3361 2041 3444 Pheraeum

608 3496 612 3503 ·
750 3465 954 3545 sumtuosum
979 3496 1012 3551 et
1034 3476 1259 3551 honorificum
1289 3472 1388 3561 funus
1418 3478 1458 3549 ab
1488 3502 1526 3549 ea
1556 3470 1692 3550 factum.
1722 3470 1795 3547 'nd
1829 3498 1928 3573 quam
1964 3496 2041 3545 cuna

753 3597 796 3645 ear
822 3572 1022 3651 rnoua‘lletiis
1047 3581 1214 3662 inAtho‚
1240 3575 1442 3678 potissimum
1468 3603 1548 3653 vero
1573 3602 1593 3651 e
1616 3574 1701 3650 sacra
1714 3578 1816 3672 Laura
1841 3574 2043 3673 probatiores

752 3667 992 3780 sanilioresque
1013 3684 1169 3753 monachi
1184 3686 1350 3763 venirent,
1376 3705 1560 3781 corpusque
1575 3680 1772 3779 patriarchae
1792 3680 1828 3747 in
1844 3678 1934 3751 Atho
1947 3692 2043 3747 trans·

752 3773 979 3874 portandum,
1004 3806 1037 3853 et
1052 3778 1139 3879 apud
1152 3780 1238 3879 ipsos
1250 3776 1469 3878 sepeliendum
1484 3802 1657 3883 rogarent;
1685 3779 1736 3853 illa
1750 3770 1924 3861 reculauit,
1951 3768 2043 3895 qnod

753 3872 898 3963 dicerer,
930 3878 989 3957 fibi
1022 3879 1103 3962 illud
1133 3879 1368 3968 retineudtnn,
1399 3886 1503 3984 magis
1536 3886 1627 3959 enim
1659 3886 1728 3958 eius
1762 3883 1822 3959 viri
1856 3897 2046 3981 patrocimo

757 4000 866 4079 egere.

1041 4202 1505 4513 ‘ass

1185 4528 1434 4639 -ffi
